<?xml version="1.0" encoding="UTF-8"?>
<!DOCTYPE html PUBLIC "-//W3C//DTD XHTML 1.0 Transitional//EN"
    "http://www.w3.org/TR/xhtml1/DTD/xhtml1-transitional.dtd">
<html xmlns="http://www.w3.org/1999/xhtml" xml:lang="en" lang="en">
 <head>
  <title>
</title>
<meta http-equiv="Content-Type" content="text/html;charset=utf-8" />
  <meta name='ocr-system' content='tesseract 3.04.00' />
  <meta name='ocr-capabilities' content='ocr_page ocr_carea ocr_par ocr_line ocrx_word'/>
</head>
<body>
  <div class='ocr_page' id='page_1' title='image "./prosextoroscioam00ciceuoft/prosextoroscioam00ciceuoft_0038.png"; bbox 0 0 1832 2970; ppageno 0'>
   <div class='ocr_carea' id='block_1_1' title="bbox 209 107 1235 155">
    <p class='ocr_par' dir='ltr' id='par_1_1' title="bbox 209 107 1235 155">
     <span class='ocr_line' id='line_1_1' title="bbox 209 107 1235 155; baseline 0.002 -2"><span class='ocrx_word' id='word_1_1' title='bbox 209 107 238 153; x_wconf 83' lang='lat'>6</span> <span class='ocrx_word' id='word_1_2' title='bbox 682 118 771 154; x_wconf 75' lang='lat' dir='ltr'><strong>Pno</strong></span> <span class='ocrx_word' id='word_1_3' title='bbox 804 117 965 154; x_wconf 72' lang='lat' dir='ltr'><strong>Roscn</strong></span> <span class='ocrx_word' id='word_1_4' title='bbox 998 119 1235 155; x_wconf 66' lang='lat' dir='ltr'><strong>Amsmxo.</strong></span> 
     </span>
    </p>
   </div>
   <div class='ocr_carea' id='block_1_2' title="bbox 120 230 1706 2762">
    <p class='ocr_par' dir='ltr' id='par_1_2' title="bbox 207 230 1703 598">
     <span class='ocr_line' id='line_1_2' title="bbox 207 230 1700 296; baseline 0.004 -17"><span class='ocrx_word' id='word_1_5' title='bbox 207 246 362 295; x_wconf 86' lang='lat' dir='ltr'><strong>quam</strong></span> <span class='ocrx_word' id='word_1_6' title='bbox 384 230 509 280; x_wconf 90' lang='lat' dir='ltr'><strong>haec</strong></span> <span class='ocrx_word' id='word_1_7' title='bbox 532 235 654 279; x_wconf 87' lang='lat' dir='ltr'><strong>sunt</strong></span> <span class='ocrx_word' id='word_1_8' title='bbox 677 249 807 296; x_wconf 87' lang='lat' dir='ltr'><strong>quae</strong></span> <span class='ocrx_word' id='word_1_9' title='bbox 838 232 1068 291; x_wconf 83' lang='lat' dir='ltr'><strong>dicimus,</strong></span> <span class='ocrx_word' id='word_1_10' title='bbox 1093 233 1158 281; x_wconf 90' lang='lat' dir='ltr'><strong>ab</strong></span> <span class='ocrx_word' id='word_1_11' title='bbox 1179 232 1331 280; x_wconf 91' lang='lat' dir='ltr'><strong>initio</strong></span> <span class='ocrx_word' id='word_1_12' title='bbox 1354 249 1434 280; x_wconf 88' lang='lat' dir='ltr'><strong>rcs</strong></span> <span class='ocrx_word' id='word_1_13' title='bbox 1457 249 1607 296; x_wconf 84' lang='lat' dir='ltr'><strong>quem</strong></span> <span class='ocrx_word' id='word_1_14' title='bbox 1637 236 1700 285; x_wconf 81' lang='lat' dir='ltr'><strong>ad</strong></span> 
     </span>
     <span class='ocr_line' id='line_1_3' title="bbox 207 310 1702 376; baseline 0.003 -18"><span class='ocrx_word' id='word_1_15' title='bbox 207 311 414 359; x_wconf 87' lang='lat' dir='ltr'><strong>modum</strong></span> <span class='ocrx_word' id='word_1_16' title='bbox 449 314 594 374; x_wconf 83' lang='lat' dir='ltr'><strong>gesta</strong></span> <span class='ocrx_word' id='word_1_17' title='bbox 630 310 699 358; x_wconf 88' lang='lat' dir='ltr'><strong>sit</strong></span> <span class='ocrx_word' id='word_1_18' title='bbox 734 311 882 360; x_wconf 84' lang='lat' dir='ltr'><strong>vobis</strong></span> <span class='ocrx_word' id='word_1_19' title='bbox 917 327 1241 376; x_wconf 81' lang='lat' dir='ltr'><strong>exponemus,</strong></span> <span class='ocrx_word' id='word_1_20' title='bbox 1279 329 1380 376; x_wconf 91' lang='lat' dir='ltr'><strong>quo</strong></span> <span class='ocrx_word' id='word_1_21' title='bbox 1418 312 1620 362; x_wconf 80' lang='lat' dir='ltr'><strong>facilius</strong></span> <span class='ocrx_word' id='word_1_22' title='bbox 1650 319 1702 363; x_wconf 85' lang='lat' dir='ltr'><strong>et</strong></span> 
     </span>
     <span class='ocr_line' id='line_1_4' title="bbox 207 390 1702 450; baseline 0.003 -13"><span class='ocrx_word' id='word_1_23' title='bbox 207 390 376 448; x_wconf 88' lang='lat' dir='ltr'><strong>huius,</strong></span> <span class='ocrx_word' id='word_1_24' title='bbox 417 390 639 439; x_wconf 88' lang='lat' dir='ltr'><strong>hominis</strong></span> <span class='ocrx_word' id='word_1_25' title='bbox 676 390 1096 450; x_wconf 75' lang='lat' dir='ltr'><strong>innocentissimi,</strong></span> <span class='ocrx_word' id='word_1_26' title='bbox 1131 392 1360 440; x_wconf 84' lang='lat' dir='ltr'><strong>miserias</strong></span> <span class='ocrx_word' id='word_1_27' title='bbox 1394 397 1446 440; x_wconf 89' lang='lat' dir='ltr'><strong>et</strong></span> <span class='ocrx_word' id='word_1_28' title='bbox 1493 392 1702 441; x_wconf 92' lang='lat' dir='ltr'><strong>illorum</strong></span> 
     </span>
     <span class='ocr_line' id='line_1_5' title="bbox 207 469 1703 535; baseline 0.002 -18"><span class='ocrx_word' id='word_1_29' title='bbox 207 469 469 518; x_wconf 89' lang='lat' dir='ltr'><strong>audaciam</strong></span> <span class='ocrx_word' id='word_1_30' title='bbox 493 486 788 534; x_wconf 79' lang='lat' dir='ltr'><strong>cognoscere</strong></span> <span class='ocrx_word' id='word_1_31' title='bbox 819 471 1026 535; x_wconf 88' lang='lat' dir='ltr'><strong>possitis</strong></span> <span class='ocrx_word' id='word_1_32' title='bbox 1056 476 1108 519; x_wconf 91' lang='lat' dir='ltr'><strong>et</strong></span> <span class='ocrx_word' id='word_1_33' title='bbox 1139 472 1213 519; x_wconf 87' lang='lat' dir='ltr'><strong>rei</strong></span> <span class='ocrx_word' id='word_1_34' title='bbox 1241 472 1476 535; x_wconf 84' lang='lat' dir='ltr'><strong>publicae</strong></span> <span class='ocrx_word' id='word_1_35' title='bbox 1500 472 1703 520; x_wconf 85' lang='lat' dir='ltr'><strong>calami-</strong></span> 
     </span>
     <span class='ocr_line' id='line_1_6' title="bbox 207 545 926 598; baseline 0 -1"><span class='ocrx_word' id='word_1_36' title='bbox 207 554 382 598; x_wconf 92' lang='lat' dir='ltr'><strong>tatem.</strong></span> <span class='ocrx_word' id='word_1_37' title='bbox 923 545 926 550; x_wconf 68' lang='grc'><strong>’</strong></span> 
     </span>
    </p>

    <p class='ocr_par' dir='ltr' id='par_1_3' title="bbox 128 621 1706 1570">
     <span class='ocr_line' id='line_1_7' title="bbox 128 621 1703 695; baseline 0 -15"><span class='ocrx_word' id='word_1_38' title='bbox 128 621 183 672; x_wconf 81' lang='lat'><strong>15</strong></span> <span class='ocrx_word' id='word_1_39' title='bbox 273 630 367 680; x_wconf 90' lang='lat' dir='ltr'><strong>VI.</strong></span> <span class='ocrx_word' id='word_1_40' title='bbox 404 630 517 680; x_wconf 84' lang='lat' dir='ltr'><strong>Sex.</strong></span> <span class='ocrx_word' id='word_1_41' title='bbox 555 630 780 686; x_wconf 87' lang='lat' dir='ltr'><strong>Roscius,</strong></span> <span class='ocrx_word' id='word_1_42' title='bbox 817 635 963 694; x_wconf 91' lang='lat' dir='ltr'><strong>pater</strong></span> <span class='ocrx_word' id='word_1_43' title='bbox 996 630 1220 688; x_wconf 88' lang='lat' dir='ltr'><strong>huiusce,</strong></span> <span class='ocrx_word' id='word_1_44' title='bbox 1258 631 1518 695; x_wconf 89' lang='lat' dir='ltr'><strong>municeps</strong></span> <span class='ocrx_word' id='word_1_45' title='bbox 1553 631 1703 680; x_wconf 90' lang='lat' dir='ltr'><strong>Ame-</strong></span> 
     </span>
     <span class='ocr_line' id='line_1_8' title="bbox 206 710 1702 775; baseline 0.001 -18"><span class='ocrx_word' id='word_1_46' title='bbox 206 710 352 758; x_wconf 81' lang='lat' dir='ltr'><strong>rinus</strong></span> <span class='ocrx_word' id='word_1_47' title='bbox 374 710 491 768; x_wconf 89' lang='lat' dir='ltr'><strong>fuit,</strong></span> <span class='ocrx_word' id='word_1_48' title='bbox 517 727 633 758; x_wconf 92' lang='lat' dir='ltr'><strong>cum</strong></span> <span class='ocrx_word' id='word_1_49' title='bbox 663 726 849 775; x_wconf 87' lang='lat' dir='ltr'><strong>genere</strong></span> <span class='ocrx_word' id='word_1_50' title='bbox 880 715 932 758; x_wconf 90' lang='lat' dir='ltr'><strong>et</strong></span> <span class='ocrx_word' id='word_1_51' title='bbox 962 711 1239 758; x_wconf 89' lang='lat' dir='ltr'><strong>nobilitate</strong></span> <span class='ocrx_word' id='word_1_52' title='bbox 1267 716 1320 759; x_wconf 88' lang='lat' dir='ltr'><strong>et</strong></span> <span class='ocrx_word' id='word_1_53' title='bbox 1352 711 1570 774; x_wconf 88' lang='lat' dir='ltr'><strong>pecunia</strong></span> <span class='ocrx_word' id='word_1_54' title='bbox 1599 728 1702 759; x_wconf 92' lang='lat' dir='ltr'><strong>non</strong></span> 
     </span>
     <span class='ocr_line' id='line_1_9' title="bbox 207 789 1704 854; baseline 0.001 -17"><span class='ocrx_word' id='word_1_55' title='bbox 207 789 354 839; x_wconf 90' lang='lat' dir='ltr'><strong>modo</strong></span> <span class='ocrx_word' id='word_1_56' title='bbox 393 789 473 839; x_wconf 91' lang='lat' dir='ltr'><strong>sui</strong></span> <span class='ocrx_word' id='word_1_57' title='bbox 512 789 797 854; x_wconf 91' lang='lat' dir='ltr'><strong>municipii,</strong></span> <span class='ocrx_word' id='word_1_58' title='bbox 836 806 1015 838; x_wconf 88' lang='lat' dir='ltr'><strong>verum</strong></span> <span class='ocrx_word' id='word_1_59' title='bbox 1062 790 1217 838; x_wconf 91' lang='lat' dir='ltr'><strong>etiam</strong></span> <span class='ocrx_word' id='word_1_60' title='bbox 1262 791 1372 838; x_wconf 89' lang='lat' dir='ltr'><strong>eius</strong></span> <span class='ocrx_word' id='word_1_61' title='bbox 1417 791 1704 839; x_wconf 85' lang='lat' dir='ltr'><strong>vicinitatis</strong></span> 
     </span>
     <span class='ocr_line' id='line_1_10' title="bbox 207 869 1704 934; baseline 0.001 -18"><span class='ocrx_word' id='word_1_62' title='bbox 207 869 356 918; x_wconf 88' lang='lat' dir='ltr'><strong>facile</strong></span> <span class='ocrx_word' id='word_1_63' title='bbox 401 869 612 934; x_wconf 89' lang='lat' dir='ltr'><strong>primus,</strong></span> <span class='ocrx_word' id='word_1_64' title='bbox 658 874 771 917; x_wconf 93' lang='lat' dir='ltr'><strong>tum</strong></span> <span class='ocrx_word' id='word_1_65' title='bbox 818 869 987 932; x_wconf 84' lang='lat' dir='ltr'><strong>gratia</strong></span> <span class='ocrx_word' id='word_1_66' title='bbox 1031 874 1186 932; x_wconf 90' lang='lat' dir='ltr'><strong>atque</strong></span> <span class='ocrx_word' id='word_1_67' title='bbox 1239 870 1476 933; x_wconf 88' lang='lat' dir='ltr'><strong>hospitiis</strong></span> <span class='ocrx_word' id='word_1_68' title='bbox 1521 870 1704 919; x_wconf 89' lang='lat' dir='ltr'><strong>florens</strong></span> 
     </span>
     <span class='ocr_line' id='line_1_11' title="bbox 206 950 1704 1007; baseline -0.001 -9"><span class='ocrx_word' id='word_1_69' title='bbox 206 950 471 1000; x_wconf 91' lang='lat' dir='ltr'><strong>hominum</strong></span> <span class='ocrx_word' id='word_1_70' title='bbox 501 950 949 999; x_wconf 87' lang='lat' dir='ltr'><strong>nobilissimorum.</strong></span> <span class='ocrx_word' id='word_1_71' title='bbox 1018 951 1150 998; x_wconf 90' lang='lat' dir='ltr'><strong>Nam</strong></span> <span class='ocrx_word' id='word_1_72' title='bbox 1181 967 1297 998; x_wconf 90' lang='lat' dir='ltr'><strong>cum</strong></span> <span class='ocrx_word' id='word_1_73' title='bbox 1327 950 1567 1007; x_wconf 82' lang='lat' dir='ltr'><strong>Metellis,</strong></span> <span class='ocrx_word' id='word_1_74' title='bbox 1593 950 1704 999; x_wconf 85' lang='lat' dir='ltr'><strong>Ser-</strong></span> 
     </span>
     <span class='ocr_line' id='line_1_12' title="bbox 206 1028 1703 1093; baseline 0.001 -17"><span class='ocrx_word' id='word_1_75' title='bbox 206 1029 361 1088; x_wconf 86' lang='lat' dir='ltr'><strong>viliis,</strong></span> <span class='ocrx_word' id='word_1_76' title='bbox 413 1029 733 1093; x_wconf 84' lang='lat' dir='ltr'><strong>Scipionibus</strong></span> <span class='ocrx_word' id='word_1_77' title='bbox 784 1033 894 1078; x_wconf 90' lang='lat' dir='ltr'><strong>erat</strong></span> <span class='ocrx_word' id='word_1_78' title='bbox 944 1029 991 1076; x_wconf 89' lang='lat' dir='ltr'><strong>ei</strong></span> <span class='ocrx_word' id='word_1_79' title='bbox 1040 1045 1143 1077; x_wconf 93' lang='lat' dir='ltr'><strong>non</strong></span> <span class='ocrx_word' id='word_1_80' title='bbox 1199 1030 1347 1077; x_wconf 92' lang='lat' dir='ltr'><strong>modo</strong></span> <span class='ocrx_word' id='word_1_81' title='bbox 1403 1028 1703 1092; x_wconf 76' lang='lat' dir='ltr'><strong>hospitium,</strong></span> 
     </span>
     <span class='ocr_line' id='line_1_13' title="bbox 206 1108 1703 1172; baseline 0.001 -17"><span class='ocrx_word' id='word_1_82' title='bbox 206 1125 386 1158; x_wconf 84' lang='lat' dir='ltr'><strong>verum</strong></span> <span class='ocrx_word' id='word_1_83' title='bbox 422 1108 578 1157; x_wconf 91' lang='lat' dir='ltr'><strong>etiam</strong></span> <span class='ocrx_word' id='word_1_84' title='bbox 614 1108 921 1157; x_wconf 91' lang='lat' dir='ltr'><strong>domesticus</strong></span> <span class='ocrx_word' id='word_1_85' title='bbox 958 1124 1080 1156; x_wconf 89' lang='lat' dir='ltr'><strong>usus</strong></span> <span class='ocrx_word' id='word_1_86' title='bbox 1114 1113 1167 1156; x_wconf 90' lang='lat' dir='ltr'><strong>et</strong></span> <span class='ocrx_word' id='word_1_87' title='bbox 1201 1108 1526 1166; x_wconf 87' lang='lat' dir='ltr'><strong>consuetudo,</strong></span> <span class='ocrx_word' id='word_1_88' title='bbox 1561 1125 1703 1172; x_wconf 91' lang='lat' dir='ltr'><strong>quas,</strong></span> 
     </span>
     <span class='ocr_line' id='line_1_14' title="bbox 206 1187 1705 1252; baseline 0.001 -18"><span class='ocrx_word' id='word_1_89' title='bbox 206 1193 267 1236; x_wconf 88' lang='lat' dir='ltr'><strong>ut</strong></span> <span class='ocrx_word' id='word_1_90' title='bbox 301 1204 520 1252; x_wconf 92' lang='lat' dir='ltr'><strong>aequum</strong></span> <span class='ocrx_word' id='word_1_91' title='bbox 551 1192 643 1246; x_wconf 90' lang='lat' dir='ltr'><strong>est,</strong></span> <span class='ocrx_word' id='word_1_92' title='bbox 678 1187 900 1236; x_wconf 83' lang='lat' dir='ltr'><strong>familias</strong></span> <span class='ocrx_word' id='word_1_93' title='bbox 930 1187 1214 1244; x_wconf 85' lang='lat' dir='ltr'><strong>honestatis</strong></span> <span class='ocrx_word' id='word_1_94' title='bbox 1245 1187 1705 1252; x_wconf 84' lang='lat' dir='ltr'><strong>amplitudinisque</strong></span> 
     </span>
     <span class='ocr_line' id='line_1_15' title="bbox 208 1267 1706 1332; baseline -0.001 -16"><span class='ocrx_word' id='word_1_95' title='bbox 208 1269 377 1332; x_wconf 81' lang='lat' dir='ltr'><strong>gratia</strong></span> <span class='ocrx_word' id='word_1_96' title='bbox 411 1268 632 1316; x_wconf 91' lang='lat' dir='ltr'><strong>nomino.</strong></span> <span class='ocrx_word' id='word_1_97' title='bbox 701 1267 874 1331; x_wconf 86' lang='lat' dir='ltr'><strong>Atque</strong></span> <span class='ocrx_word' id='word_1_98' title='bbox 914 1284 978 1316; x_wconf 83' lang='lat' dir='ltr'><strong>ex</strong></span> <span class='ocrx_word' id='word_1_99' title='bbox 1014 1267 1121 1316; x_wconf 91' lang='lat' dir='ltr'><strong>suis</strong></span> <span class='ocrx_word' id='word_1_100' title='bbox 1161 1267 1397 1316; x_wconf 89' lang='lat' dir='ltr'><strong>omnibus</strong></span> <span class='ocrx_word' id='word_1_101' title='bbox 1433 1268 1706 1316; x_wconf 88' lang='lat' dir='ltr'><strong>commodis</strong></span> 
     </span>
     <span class='ocr_line' id='line_1_16' title="bbox 206 1345 1706 1411; baseline -0.001 -15"><span class='ocrx_word' id='word_1_102' title='bbox 206 1348 302 1396; x_wconf 90' lang='lat' dir='ltr'><strong>hoc</strong></span> <span class='ocrx_word' id='word_1_103' title='bbox 325 1347 487 1396; x_wconf 91' lang='lat' dir='ltr'><strong>solum</strong></span> <span class='ocrx_word' id='word_1_104' title='bbox 502 1347 609 1395; x_wconf 88' lang='lat' dir='ltr'><strong>filio</strong></span> <span class='ocrx_word' id='word_1_105' title='bbox 631 1347 844 1411; x_wconf 91' lang='lat' dir='ltr'><strong>reliquit</strong></span> <span class='ocrx_word' id='word_1_106' title='bbox 864 1365 874 1395; x_wconf 89' lang='lat'><strong>:</strong></span> <span class='ocrx_word' id='word_1_107' title='bbox 910 1364 1030 1395; x_wconf 91' lang='lat' dir='ltr'><strong>nam</strong></span> <span class='ocrx_word' id='word_1_108' title='bbox 1053 1345 1419 1411; x_wconf 88' lang='lat' dir='ltr'><strong>patrimonium</strong></span> <span class='ocrx_word' id='word_1_109' title='bbox 1443 1347 1706 1395; x_wconf 89' lang='lat' dir='ltr'><strong>domestici</strong></span> 
     </span>
     <span class='ocr_line' id='line_1_17' title="bbox 207 1426 1703 1492; baseline -0.001 -16"><span class='ocrx_word' id='word_1_110' title='bbox 207 1427 483 1492; x_wconf 87' lang='lat' dir='ltr'><strong>praedones</strong></span> <span class='ocrx_word' id='word_1_111' title='bbox 513 1427 569 1474; x_wconf 84' lang='lat' dir='ltr'><strong>vi</strong></span> <span class='ocrx_word' id='word_1_112' title='bbox 601 1431 833 1491; x_wconf 90' lang='lat' dir='ltr'><strong>ereptum</strong></span> <span class='ocrx_word' id='word_1_113' title='bbox 860 1426 1136 1490; x_wconf 87' lang='lat' dir='ltr'><strong>possident,</strong></span> <span class='ocrx_word' id='word_1_114' title='bbox 1171 1426 1307 1474; x_wconf 86' lang='lat' dir='ltr'><strong>fama</strong></span> <span class='ocrx_word' id='word_1_115' title='bbox 1338 1430 1392 1474; x_wconf 93' lang='lat' dir='ltr'><strong>et</strong></span> <span class='ocrx_word' id='word_1_116' title='bbox 1421 1426 1533 1474; x_wconf 86' lang='lat' dir='ltr'><strong>vita</strong></span> <span class='ocrx_word' id='word_1_117' title='bbox 1559 1427 1703 1475; x_wconf 90' lang='lat' dir='ltr'><strong>inno-</strong></span> 
     </span>
     <span class='ocr_line' id='line_1_18' title="bbox 207 1506 1704 1570; baseline -0.001 -14"><span class='ocrx_word' id='word_1_118' title='bbox 207 1507 370 1556; x_wconf 87' lang='lat' dir='ltr'><strong>centis</strong></span> <span class='ocrx_word' id='word_1_119' title='bbox 400 1507 466 1555; x_wconf 90' lang='lat' dir='ltr'><strong>ab</strong></span> <span class='ocrx_word' id='word_1_120' title='bbox 493 1506 785 1570; x_wconf 88' lang='lat' dir='ltr'><strong>hospitibus</strong></span> <span class='ocrx_word' id='word_1_121' title='bbox 819 1506 1096 1570; x_wconf 88' lang='lat' dir='ltr'><strong>amicisque</strong></span> <span class='ocrx_word' id='word_1_122' title='bbox 1130 1506 1359 1570; x_wconf 90' lang='lat' dir='ltr'><strong>paternis</strong></span> <span class='ocrx_word' id='word_1_123' title='bbox 1393 1506 1704 1555; x_wconf 89' lang='lat' dir='ltr'><strong>defenditur.</strong></span> 
     </span>
    </p>

    <p class='ocr_par' dir='ltr' id='par_1_4' title="bbox 120 1585 1706 2605">
     <span class='ocr_line' id='line_1_19' title="bbox 120 1585 1704 1649; baseline 0 -16"><span class='ocrx_word' id='word_1_124' title='bbox 120 1590 178 1641; x_wconf 90' lang='lat'><strong>16</strong></span> <span class='ocrx_word' id='word_1_125' title='bbox 206 1585 261 1635; x_wconf 89' lang='lat' dir='ltr'><strong>Is</strong></span> <span class='ocrx_word' id='word_1_126' title='bbox 283 1601 399 1634; x_wconf 90' lang='lat' dir='ltr'><strong>cum</strong></span> <span class='ocrx_word' id='word_1_127' title='bbox 422 1585 561 1633; x_wconf 90' lang='lat' dir='ltr'><strong>omni</strong></span> <span class='ocrx_word' id='word_1_128' title='bbox 589 1589 817 1649; x_wconf 92' lang='lat' dir='ltr'><strong>tempore</strong></span> <span class='ocrx_word' id='word_1_129' title='bbox 847 1585 1137 1634; x_wconf 86' lang='lat' dir='ltr'><strong>nobilitatis</strong></span> <span class='ocrx_word' id='word_1_130' title='bbox 1170 1586 1342 1633; x_wconf 88' lang='lat' dir='ltr'><strong>fautor</strong></span> <span class='ocrx_word' id='word_1_131' title='bbox 1368 1585 1565 1643; x_wconf 89' lang='lat' dir='ltr'><strong>fuisset,</strong></span> <span class='ocrx_word' id='word_1_132' title='bbox 1589 1590 1704 1633; x_wconf 91' lang='lat' dir='ltr'><strong>tum</strong></span> 
     </span>
     <span class='ocr_line' id='line_1_20' title="bbox 205 1664 1705 1730; baseline -0.002 -16"><span class='ocrx_word' id='word_1_133' title='bbox 205 1665 302 1714; x_wconf 88' lang='lat' dir='ltr'><strong>hoc</strong></span> <span class='ocrx_word' id='word_1_134' title='bbox 338 1664 570 1713; x_wconf 87' lang='lat' dir='ltr'><strong>tumultu</strong></span> <span class='ocrx_word' id='word_1_135' title='bbox 606 1664 853 1728; x_wconf 84' lang='lat' dir='ltr'><strong>proximo,</strong></span> <span class='ocrx_word' id='word_1_136' title='bbox 886 1680 1003 1730; x_wconf 91' lang='lat' dir='ltr'><strong>cum</strong></span> <span class='ocrx_word' id='word_1_137' title='bbox 1036 1664 1266 1712; x_wconf 89' lang='lat' dir='ltr'><strong>omnium</strong></span> <span class='ocrx_word' id='word_1_138' title='bbox 1304 1664 1556 1712; x_wconf 91' lang='lat' dir='ltr'><strong>nobilium</strong></span> <span class='ocrx_word' id='word_1_139' title='bbox 1592 1664 1705 1728; x_wconf 85' lang='lat' dir='ltr'><strong>dig-</strong></span> 
     </span>
     <span class='ocr_line' id='line_1_21' title="bbox 205 1743 1704 1809; baseline -0.001 -16"><span class='ocrx_word' id='word_1_140' title='bbox 205 1743 343 1793; x_wconf 90' lang='lat' dir='ltr'><strong>nitas</strong></span> <span class='ocrx_word' id='word_1_141' title='bbox 365 1748 418 1809; x_wconf 85' lang='lat' dir='ltr'><strong>et</strong></span> <span class='ocrx_word' id='word_1_142' title='bbox 439 1744 577 1792; x_wconf 90' lang='lat' dir='ltr'><strong>salus</strong></span> <span class='ocrx_word' id='word_1_143' title='bbox 599 1744 656 1790; x_wconf 87' lang='lat' dir='ltr'><strong>in</strong></span> <span class='ocrx_word' id='word_1_144' title='bbox 679 1744 949 1792; x_wconf 88' lang='lat' dir='ltr'><strong>discrimen</strong></span> <span class='ocrx_word' id='word_1_145' title='bbox 971 1743 1185 1801; x_wconf 83' lang='lat' dir='ltr'><strong>veniret,</strong></span> <span class='ocrx_word' id='word_1_146' title='bbox 1210 1748 1412 1807; x_wconf 91' lang='lat' dir='ltr'><strong>praeter</strong></span> <span class='ocrx_word' id='word_1_147' title='bbox 1435 1749 1625 1792; x_wconf 83' lang='lat' dir='ltr'><strong>ceteros</strong></span> <span class='ocrx_word' id='word_1_148' title='bbox 1647 1744 1704 1791; x_wconf 89' lang='lat' dir='ltr'><strong>in</strong></span> 
     </span>
     <span class='ocr_line' id='line_1_22' title="bbox 207 1823 1704 1887; baseline -0.001 -14"><span class='ocrx_word' id='word_1_149' title='bbox 207 1839 265 1873; x_wconf 88' lang='lat' dir='ltr'><strong>ea</strong></span> <span class='ocrx_word' id='word_1_150' title='bbox 298 1823 566 1871; x_wconf 85' lang='lat' dir='ltr'><strong>vicinitate</strong></span> <span class='ocrx_word' id='word_1_151' title='bbox 597 1839 707 1871; x_wconf 90' lang='lat' dir='ltr'><strong>eam</strong></span> <span class='ocrx_word' id='word_1_152' title='bbox 743 1827 942 1887; x_wconf 91' lang='lat' dir='ltr'><strong>partem</strong></span> <span class='ocrx_word' id='word_1_153' title='bbox 979 1839 1281 1886; x_wconf 88' lang='lat' dir='ltr'><strong>causamque</strong></span> <span class='ocrx_word' id='word_1_154' title='bbox 1312 1839 1477 1887; x_wconf 92' lang='lat' dir='ltr'><strong>opera,</strong></span> <span class='ocrx_word' id='word_1_155' title='bbox 1516 1823 1704 1881; x_wconf 90' lang='lat' dir='ltr'><strong>studio,</strong></span> 
     </span>
     <span class='ocr_line' id='line_1_23' title="bbox 206 1902 1706 1966; baseline -0.001 -14"><span class='ocrx_word' id='word_1_156' title='bbox 206 1903 511 1952; x_wconf 90' lang='lat' dir='ltr'><strong>auctoritate</strong></span> <span class='ocrx_word' id='word_1_157' title='bbox 557 1903 816 1961; x_wconf 82' lang='lat' dir='ltr'><strong>defendit3</strong></span> <span class='ocrx_word' id='word_1_158' title='bbox 869 1902 1061 1951; x_wconf 86' lang='lat' dir='ltr'><strong>etenim</strong></span> <span class='ocrx_word' id='word_1_159' title='bbox 1105 1907 1302 1950; x_wconf 90' lang='lat' dir='ltr'><strong>rectum</strong></span> <span class='ocrx_word' id='word_1_160' title='bbox 1347 1903 1565 1966; x_wconf 91' lang='lat' dir='ltr'><strong>putabat</strong></span> <span class='ocrx_word' id='word_1_161' title='bbox 1613 1919 1706 1966; x_wconf 92' lang='lat' dir='ltr'><strong>pro</strong></span> 
     </span>
     <span class='ocr_line' id='line_1_24' title="bbox 206 1982 1705 2047; baseline -0.001 -15"><span class='ocrx_word' id='word_1_162' title='bbox 206 1999 381 2032; x_wconf 91' lang='lat' dir='ltr'><strong>eorum</strong></span> <span class='ocrx_word' id='word_1_163' title='bbox 435 1982 700 2031; x_wconf 89' lang='lat' dir='ltr'><strong>honestate</strong></span> <span class='ocrx_word' id='word_1_164' title='bbox 758 1998 810 2031; x_wconf 88' lang='lat' dir='ltr'><strong>se</strong></span> <span class='ocrx_word' id='word_1_165' title='bbox 863 1999 1108 2046; x_wconf 84' lang='lat' dir='ltr'><strong>pugnare,</strong></span> <span class='ocrx_word' id='word_1_166' title='bbox 1163 1986 1372 2046; x_wconf 90' lang='lat' dir='ltr'><strong>propter</strong></span> <span class='ocrx_word' id='word_1_167' title='bbox 1424 1999 1551 2045; x_wconf 90' lang='lat' dir='ltr'><strong>quos</strong></span> <span class='ocrx_word' id='word_1_168' title='bbox 1595 1982 1705 2047; x_wconf 87' lang='lat' dir='ltr'><strong>ipsc</strong></span> 
     </span>
     <span class='ocr_line' id='line_1_25' title="bbox 206 2061 1704 2125; baseline -0.002 -13"><span class='ocrx_word' id='word_1_169' title='bbox 206 2062 596 2113; x_wconf 87' lang='lat' dir='ltr'><strong>honestissimus</strong></span> <span class='ocrx_word' id='word_1_170' title='bbox 619 2062 758 2111; x_wconf 89' lang='lat' dir='ltr'><strong>inter</strong></span> <span class='ocrx_word' id='word_1_171' title='bbox 781 2078 898 2110; x_wconf 87' lang='lat' dir='ltr'><strong>suos</strong></span> <span class='ocrx_word' id='word_1_172' title='bbox 920 2062 1301 2110; x_wconf 89' lang='lat' dir='ltr'><strong>numerabatur.</strong></span> <span class='ocrx_word' id='word_1_173' title='bbox 1370 2061 1704 2125; x_wconf 88' lang='lat' dir='ltr'><strong>Posteaquam</strong></span> 
     </span>
     <span class='ocr_line' id='line_1_26' title="bbox 206 2142 1703 2205; baseline -0.003 -11"><span class='ocrx_word' id='word_1_174' title='bbox 206 2143 424 2194; x_wconf 81' lang='lat' dir='ltr'><strong>victoria</strong></span> <span class='ocrx_word' id='word_1_175' title='bbox 460 2143 741 2192; x_wconf 66' lang='lat' dir='ltr'><strong>const-&#39;tuta</strong></span> <span class='ocrx_word' id='word_1_176' title='bbox 777 2147 854 2191; x_wconf 91' lang='lat' dir='ltr'><strong>est</strong></span> <span class='ocrx_word' id='word_1_177' title='bbox 891 2143 956 2190; x_wconf 90' lang='lat' dir='ltr'><strong>ab</strong></span> <span class='ocrx_word' id='word_1_178' title='bbox 995 2142 1251 2205; x_wconf 89' lang='lat' dir='ltr'><strong>armisque</strong></span> <span class='ocrx_word' id='word_1_179' title='bbox 1283 2157 1549 2199; x_wconf 88' lang='lat' dir='ltr'><strong>recessum,</strong></span> <span class='ocrx_word' id='word_1_180' title='bbox 1587 2158 1703 2190; x_wconf 91' lang='lat' dir='ltr'><strong>cum</strong></span> 
     </span>
     <span class='ocr_line' id='line_1_27' title="bbox 206 2222 1704 2291; baseline -0.003 -17"><span class='ocrx_word' id='word_1_181' title='bbox 206 2224 642 2291; x_wconf 86' lang='lat' dir='ltr'><strong>proscriberentur</strong></span> <span class='ocrx_word' id='word_1_182' title='bbox 693 2223 923 2271; x_wconf 89' lang='lat' dir='ltr'><strong>homines</strong></span> <span class='ocrx_word' id='word_1_183' title='bbox 981 2227 1136 2286; x_wconf 92' lang='lat' dir='ltr'><strong>atque</strong></span> <span class='ocrx_word' id='word_1_184' title='bbox 1189 2239 1252 2271; x_wconf 82' lang='lat' dir='ltr'><strong>ex</strong></span> <span class='ocrx_word' id='word_1_185' title='bbox 1309 2222 1449 2271; x_wconf 93' lang='lat' dir='ltr'><strong>omni</strong></span> <span class='ocrx_word' id='word_1_186' title='bbox 1497 2222 1704 2286; x_wconf 86' lang='lat' dir='ltr'><strong>regione</strong></span> 
     </span>
     <span class='ocr_line' id='line_1_28' title="bbox 207 2302 1705 2371; baseline -0.004 -16"><span class='ocrx_word' id='word_1_187' title='bbox 207 2309 510 2371; x_wconf 88' lang='lat' dir='ltr'><strong>caperentur</strong></span> <span class='ocrx_word' id='word_1_188' title='bbox 538 2304 593 2362; x_wconf 90' lang='lat' dir='ltr'><strong>ii,</strong></span> <span class='ocrx_word' id='word_1_189' title='bbox 618 2303 710 2367; x_wconf 90' lang='lat' dir='ltr'><strong>qui</strong></span> <span class='ocrx_word' id='word_1_190' title='bbox 740 2302 1019 2351; x_wconf 85' lang='lat' dir='ltr'><strong>adversarii</strong></span> <span class='ocrx_word' id='word_1_191' title='bbox 1049 2302 1206 2351; x_wconf 86' lang='lat' dir='ltr'><strong>fuisse</strong></span> <span class='ocrx_word' id='word_1_192' title='bbox 1237 2303 1568 2366; x_wconf 87' lang='lat' dir='ltr'><strong>putabantur,</strong></span> <span class='ocrx_word' id='word_1_193' title='bbox 1594 2305 1705 2349; x_wconf 89' lang='lat' dir='ltr'><strong>erat</strong></span> 
     </span>
     <span class='ocr_line' id='line_1_29' title="bbox 206 2382 1704 2447; baseline -0.003 -12"><span class='ocrx_word' id='word_1_194' title='bbox 206 2385 298 2435; x_wconf 90' lang='lat' dir='ltr'><strong>ille</strong></span> <span class='ocrx_word' id='word_1_195' title='bbox 320 2385 509 2434; x_wconf 84' lang='lat' dir='ltr'><strong>Romae</strong></span> <span class='ocrx_word' id='word_1_196' title='bbox 533 2383 772 2447; x_wconf 91' lang='lat' dir='ltr'><strong>frequens</strong></span> <span class='ocrx_word' id='word_1_197' title='bbox 804 2387 958 2446; x_wconf 91' lang='lat' dir='ltr'><strong>atque</strong></span> <span class='ocrx_word' id='word_1_198' title='bbox 981 2382 1039 2430; x_wconf 91' lang='lat' dir='ltr'><strong>in</strong></span> <span class='ocrx_word' id='word_1_199' title='bbox 1063 2383 1171 2431; x_wconf 90' lang='lat' dir='ltr'><strong>foro</strong></span> <span class='ocrx_word' id='word_1_200' title='bbox 1193 2388 1246 2431; x_wconf 92' lang='lat' dir='ltr'><strong>et</strong></span> <span class='ocrx_word' id='word_1_201' title='bbox 1273 2383 1329 2430; x_wconf 87' lang='lat' dir='ltr'><strong>in</strong></span> <span class='ocrx_word' id='word_1_202' title='bbox 1360 2397 1444 2430; x_wconf 91' lang='lat' dir='ltr'><strong>ore</strong></span> <span class='ocrx_word' id='word_1_203' title='bbox 1475 2382 1704 2430; x_wconf 89' lang='lat' dir='ltr'><strong>omnium</strong></span> 
     </span>
     <span class='ocr_line' id='line_1_30' title="bbox 207 2460 1705 2526; baseline -0.004 -12"><span class='ocrx_word' id='word_1_204' title='bbox 207 2465 393 2514; x_wconf 90' lang='lat' dir='ltr'><strong>cotidie</strong></span> <span class='ocrx_word' id='word_1_205' title='bbox 415 2463 729 2520; x_wconf 87' lang='lat' dir='ltr'><strong>versabatur,</strong></span> <span class='ocrx_word' id='word_1_206' title='bbox 748 2462 913 2526; x_wconf 84' lang='lat' dir='ltr'><strong>magis</strong></span> <span class='ocrx_word' id='word_1_207' title='bbox 935 2465 996 2509; x_wconf 92' lang='lat' dir='ltr'><strong>ut</strong></span> <span class='ocrx_word' id='word_1_208' title='bbox 1018 2462 1275 2510; x_wconf 83' lang='lat' dir='ltr'><strong>exsultare</strong></span> <span class='ocrx_word' id='word_1_209' title='bbox 1292 2460 1506 2509; x_wconf 87' lang='lat' dir='ltr'><strong>victoria</strong></span> <span class='ocrx_word' id='word_1_210' title='bbox 1519 2461 1705 2508; x_wconf 89' lang='lat' dir='ltr'><strong>nobili-</strong></span> 
     </span>
     <span class='ocr_line' id='line_1_31' title="bbox 206 2540 1704 2605; baseline -0.003 -13"><span class='ocrx_word' id='word_1_211' title='bbox 206 2544 332 2592; x_wconf 89' lang='lat' dir='ltr'><strong>tatis</strong></span> <span class='ocrx_word' id='word_1_212' title='bbox 365 2543 628 2591; x_wconf 86' lang='lat' dir='ltr'><strong>videretur</strong></span> <span class='ocrx_word' id='word_1_213' title='bbox 658 2557 812 2604; x_wconf 91' lang='lat' dir='ltr'><strong>quam</strong></span> <span class='ocrx_word' id='word_1_214' title='bbox 843 2540 1040 2598; x_wconf 89' lang='lat' dir='ltr'><strong>timere,</strong></span> <span class='ocrx_word' id='word_1_215' title='bbox 1073 2557 1138 2589; x_wconf 92' lang='lat' dir='ltr'><strong>ne</strong></span> <span class='ocrx_word' id='word_1_216' title='bbox 1169 2540 1294 2605; x_wconf 88' lang='lat' dir='ltr'><strong>quid</strong></span> <span class='ocrx_word' id='word_1_217' title='bbox 1322 2556 1384 2588; x_wconf 86' lang='lat' dir='ltr'><strong>ex</strong></span> <span class='ocrx_word' id='word_1_218' title='bbox 1413 2556 1471 2588; x_wconf 89' lang='lat' dir='ltr'><strong>ea</strong></span> <span class='ocrx_word' id='word_1_219' title='bbox 1501 2541 1704 2588; x_wconf 85' lang='lat' dir='ltr'><strong>calami-</strong></span> 
     </span>
    </p>

    <p class='ocr_par' dir='ltr' id='par_1_5' title="bbox 123 2620 1704 2762">
     <span class='ocr_line' id='line_1_32' title="bbox 123 2620 1704 2671; baseline -0.002 0"><span class='ocrx_word' id='word_1_220' title='bbox 123 2621 185 2671; x_wconf 86' lang='lat'><strong>1¹7</strong></span> <span class='ocrx_word' id='word_1_221' title='bbox 207 2623 332 2671; x_wconf 91' lang='lat' dir='ltr'><strong>tatis</strong></span> <span class='ocrx_word' id='word_1_222' title='bbox 378 2622 476 2671; x_wconf 88' lang='lat' dir='ltr'><strong>sibi</strong></span> <span class='ocrx_word' id='word_1_223' title='bbox 522 2621 785 2670; x_wconf 89' lang='lat' dir='ltr'><strong>accideret.</strong></span> <span class='ocrx_word' id='word_1_224' title='bbox 867 2620 1031 2667; x_wconf 85' lang='lat' dir='ltr'><strong>Erant</strong></span> <span class='ocrx_word' id='word_1_225' title='bbox 1069 2621 1116 2668; x_wconf 90' lang='lat' dir='ltr'><strong>ei</strong></span> <span class='ocrx_word' id='word_1_226' title='bbox 1161 2625 1358 2668; x_wconf 82' lang='lat' dir='ltr'><strong>veteres</strong></span> <span class='ocrx_word' id='word_1_227' title='bbox 1402 2620 1704 2668; x_wconf 81' lang='lat' dir='ltr'><strong>inimicitiae</strong></span> 
     </span>
     <span class='ocr_line' id='line_1_33' title="bbox 208 2698 1701 2762; baseline -0.003 -11"><span class='ocrx_word' id='word_1_228' title='bbox 208 2719 322 2751; x_wconf 90' lang='lat' dir='ltr'><strong>cum</strong></span> <span class='ocrx_word' id='word_1_229' title='bbox 380 2703 576 2750; x_wconf 89' lang='lat' dir='ltr'><strong>duobus</strong></span> <span class='ocrx_word' id='word_1_230' title='bbox 631 2699 825 2749; x_wconf 85' lang='lat' dir='ltr'><strong>Rosciis</strong></span> <span class='ocrx_word' id='word_1_231' title='bbox 882 2699 1154 2758; x_wconf 88' lang='lat' dir='ltr'><strong>Amerinis,</strong></span> <span class='ocrx_word' id='word_1_232' title='bbox 1212 2715 1427 2762; x_wconf 90' lang='lat' dir='ltr'><strong>quorum</strong></span> <span class='ocrx_word' id='word_1_233' title='bbox 1484 2698 1701 2747; x_wconf 90' lang='lat' dir='ltr'><strong>alterum</strong></span> 
     </span>
    </p>
   </div>
  </div>
 </body>
</html>
