1832 2970
591 75 679 109 Pno
714 74 874 109 Roscm
907 74 1146 109 AMERmO.
1553 61 1614 107 27

186 190 417 241 XXVII.
452 189 605 238 Esto:
640 196 846 237 ‘causam
869 188 1096 252 proferre
1118 204 1221 236 non
1245 192 1404 252 potes.
1467 186 1618 234 Tam-⁴

119 272 217 320 etsi
284 269 459 319 statim
514 268 697 316 vicisse
759 268 931 326 debeo,
989 273 1162 316 tamen
1220 268 1282 316 de
1338 283 1451 316 meo
1506 266 1619 314 iure

121 351 356 399 decedam
400 354 452 398 et
496 348 610 406 tibi,
657 348 794 412 quod
843 347 900 395 in
945 347 1049 395 alia
1093 364 1244 396 causa
1300 363 1404 396 non
1449 362 1619 395 conce-

120 431 304 488 derem,
341 429 397 477 in
442 428 539 477 hac
584 429 869 485 concedam,
918 428 1082 475 fretus
1118 427 1275 476 huius
1308 426 1618 476 innocentia.

120 511 236 560 Non
291 524 478 572 quaero
522 508 613 557 abs
670 512 736 566 te,
783 524 942 571 quare
997 511 1198 571 patrem
1245 507 1360 556 Sex.
1409 505 1620 555 Roscius

121 588 387 638 occiderit:
429 595 633 652 quaero,
668 604 771 651 quo
804 587 953 635 modo
987 586 1244 635 occiderit.
1314 587 1399 634 Ita
1433 601 1622 650 quaero

118 669 209 717 abs
232 673 299 726 te,
337 667 392 717 O.
417 667 589 726 Eruci,
626 683 728 732 quo
765 667 928 724 modo,
961 671 1014 714 et
1049 666 1122 715 sic
1155 670 1329 714 tecum
1363 682 1529 729 agam,
1559 670 1621 713 ut

118 765 229 797 meo
274 748 383 797 loco
439 747 527 796 vel
582 746 925 812 respondendi
975 746 1061 795 vel
1107 745 1478 810 interpellandi
1522 744 1622 792 tibi

118 833 427 892 potestatem
463 827 649 876 faciam
688 826 774 875 vel
810 826 983 883 etiam,
1023 825 1068 874 si
1104 825 1231 889 quid
1266 825 1423 882 voles,
1460 823 1623 873 inter-

119 908 350 971 rogandi.
419 907 531 966 Quo
567 907 715 956 modo
761 905 982 955 occidit?
1037 905 1216 970 ipsene
1255 904 1510 970 percussit
1555 920 1621 952 an
1645 904 1707 952 74

119 987 237 1036 aliis
277 987 608 1036 occidendum
641 985 822 1035 dedit?
890 985 946 1035 Si
983 985 1156 1049 ipsum
1201 984 1393 1049 arguis,
1432 985 1622 1033 Romae

120 1083 224 1115 non
252 1066 383 1115 fuit:
420 1066 464 1114 si
498 1082 590 1131 per
623 1064 750 1114 alios
784 1064 963 1113 fecisse
987 1064 1129 1122 dicis,
1154 1081 1357 1128 quaero,
1383 1080 1622 1113 servosne

121 1163 188 1195 an
234 1147 457 1195 liberos?
526 1144 583 1193 Si
617 1161 709 1210 per
755 1143 935 1203 liberos,
983 1161 1110 1208 quos
1163 1145 1433 1193 homines?
1487 1144 1624 1193 indi-

120 1226 302 1274 demne
357 1225 565 1274 Ameria
619 1242 686 1272 an
740 1224 891 1273 hosce
946 1241 1010 1272 ex
1065 1225 1192 1272 urbe
1249 1224 1489 1273 sicarios?
1569 1224 1624 1274 Si

122 1306 342 1363 Ameria,
400 1306 493 1370 qui
547 1309 671 1354 sunt
726 1304 799 1353 ii?
855 1321 946 1352 cur
1001 1319 1105 1353 non
1155 1303 1524 1352 nominantur?
1578 1306 1625 1353 si

122 1385 297 1443 Roma,
355 1385 493 1433 unde
555 1400 639 1433 eos
702 1388 920 1432 noverat
975 1383 1203 1441 Roscius,
1263 1384 1355 1447 qui
1410 1384 1624 1432 Romam

122 1465 302 1514 multis
330 1465 480 1514 annis
512 1480 618 1512 non
646 1463 794 1512 venit
827 1478 994 1526 neque
1028 1479 1276 1526 umquam
1298 1463 1417 1526 plus
1450 1463 1625 1512 triduo

122 1545 260 1593 fuit?
306 1544 398 1592 ubi
434 1560 518 1593 eos
554 1543 836 1592 convenit?
883 1543 975 1606 qui
1021 1543 1321 1591 conlocutus
1360 1545 1473 1591 est?
1523 1560 1625 1607 quo

120 1624 268 1672 modo
313 1623 600 1688 persuasit?
667 1623 902 1671 Pretium
947 1623 1124 1671 dedit?
1171 1623 1255 1671 cui
1311 1622 1489 1672 dedit?
1535 1640 1628 1688 per

121 1719 275 1767 quem
335 1703 512 1752 dedit?
562 1703 701 1751 unde
751 1708 844 1751 aut
894 1707 1151 1766 quantum
1201 1702 1394 1751 dedit?
1444 1703 1627 1752 Nonne

119 1783 203 1832 his
252 1783 491 1848 vestigiis
542 1784 608 1832 ad
658 1787 816 1847 caput
861 1782 1103 1830 maleficii
1152 1781 1416 1846 perveniri
1464 1782 1627 1831 solet?

122 1863 195 1911 Et
240 1863 395 1911 simul
440 1863 540 1911 tibi
584 1863 642 1911 in
681 1867 907 1911 mentem
943 1862 1123 1911 veniat
1159 1862 1330 1920 facito,
1372 1879 1526 1926 quem
1561 1863 1627 1911 ad

122 1943 331 1991 modum
366 1942 531 1990 vitam
569 1941 782 1991 huiusce
828 1942 1149 2007 depinxeris:
1190 1942 1331 1990 hunc
1366 1941 1627 1991 hominem

124 2023 291 2071 ferum
313 2026 470 2085 atque
492 2026 750 2086 agrestem
772 2022 947 2081 fuisse,
971 2039 1256 2086 numquam
1279 2038 1397 2071 cum
1419 2022 1628 2071 homine

122 2120 381 2167 quoquam
437 2102 761 2151 conlocutum
817 2119 939 2162 esse,
995 2119 1280 2167 numquam
1335 2103 1393 2151 in
1440 2102 1627 2167 oppido

123 2183 429 2232 constitisse.
500 2182 619 2240 Qua?
646 2182 704 2230 in
739 2199 795 2230 re
840 2187 1102 2247 praetereo
1137 2183 1287 2241 illud,
1321 2183 1456 2247 quod
1497 2182 1627 2230 mihi
1649 2178 1711 2225 '75

123 2263 346 2311 maximo
382 2267 690 2327 argumento
735 2263 801 2311 ad
846 2263 1002 2311 huius
1038 2263 1387 2312 innocentiam
1423 2267 1628 2328 poterat

123 2357 246 2399 esse,
284 2341 342 2389 in
387 2341 595 2390 rusticis
639 2342 882 2400 moribus,
930 2342 988 2391 in
1032 2343 1178 2391 victu
1223 2343 1380 2401 arido,
1427 2343 1484 2391 in
1529 2343 1626 2392 hac

123 2420 332 2469 horrida
364 2420 667 2485 incultaque
688 2420 800 2470 vita
833 2421 987 2471 istius
1021 2423 1159 2471 modi
1193 2422 1443 2471 maleficia
1476 2423 1626 2487 gigni

125 2518 228 2550 non
251 2501 426 2550 solere.
494 2500 571 2549 Ut
592 2516 697 2548 non
730 2517 931 2551 omnem
966 2503 1171 2567 frugem
1204 2519 1370 2566 neque
1393 2502 1626 2551 arborem

124 2584 182 2633 in
206 2582 345 2631 omni
377 2596 503 2645 agro
536 2580 759 2644 reperire
792 2583 971 2647 possis,
996 2583 1070 2631 sic
1103 2598 1208 2630 non
1242 2598 1391 2630 omne
1426 2581 1625 2631 facinus

124 2663 182 2713 in
227 2661 367 2711 omni
402 2660 513 2709 vita
549 2659 794 2709 nascitur.
862 2661 927 2710 In
965 2662 1092 2711 urbe
1137 2661 1369 2710 luxuries
1405 2664 1624 2720 creatur,-
