1832 2970
141 94 205 139 14
613 105 702 140 PRO
737 105 895 140 Roscro
928 105 1166 140 AMano.

139 220 394 270 videatur.
429 221 637 270 Etenim
660 222 719 280 si,
735 221 790 270 id
812 223 948 285 quod
970 222 1227 286 praeclare
1251 239 1281 270 a
1304 222 1624 286 sapientibus

138 301 343 359 dicitur,
368 302 522 349 vultu
545 317 694 365 saepe
717 301 940 350 laeditur
962 302 1140 366 pietas,
1160 302 1297 366 quod
1311 301 1623 366 supplicium

137 382 264 430 satis
298 398 411 429 acre
444 381 728 445 reperietur
753 380 811 429 in
845 397 976 440 eum,
1005 381 1097 445 qui
1122 386 1337 430 mortem
1381 381 1630 430 obtulerit

137 460 354 524 parenti,
380 477 471 524 pro
493 477 593 524 quo
623 461 754 509 mori
786 460 971 524 ipsum,
996 461 1040 509 si
1074 477 1154 509 res
1176 461 1474 525 postularet,
1510 461 1626 509 iura

51 551 112 598 38
137 541 316 589 divina
339 545 495 603 atque
517 540 743 588 humana
765 541 1051 604 cogebant?
1117 540 1183 588 In
1216 540 1312 589 hoc
1334 545 1492 598 tanto,
1518 544 1625 588 tam

136 620 310 678 atroci,
335 624 443 668 tam
464 619 716 683 singulari
730 619 991 677 maleficio,
1011 620 1147 683 quod
1169 619 1245 668 ita
1267 635 1381 668 raro
1404 619 1625 677 exstitit,

133 705 206 758 ut,
227 700 272 749 si
294 700 497 764 quando
521 699 754 747 auditum
776 703 868 757 est,
884 699 1108 764 portenti
1127 715 1185 748 ac
1206 699 1435 764 prodigii
1457 699 1625 748 simile

132 784 442 837 numeretur,
468 779 653 842 quibus
676 779 898 836 tandem,
934 779 1103 836 Eruci,
1140 778 1459 843 argumentis
1482 794 1625 826 accu-

132 866 352 909 satorem
405 875 576 908 censes
629 859 710 907 uti
756 861 1021 922 oportere?
1054 874 1223 906 nonne
1257 863 1311 906 et
1355 858 1622 906 audaciam

131 944 257 1001 eius,
284 942 376 1006 qui
398 942 455 989 in
479 941 673 989 crimen
696 945 920 998 vocetur,
947 939 1262 1003 singularem
1284 939 1549 989 ostendere
1571 944 1624 988 et

129 1039 293 1071 mores
333 1023 465 1070 feros
502 1021 876 1083 immanemque
913 1024 1154 1067 naturam
1192 1023 1246 1066 et
1284 1019 1448 1067 vitam
1481 1019 1625 1068 vitiis

129 1101 444 1166 flagitiisque
466 1100 702 1148 omnibus
725 1099 965 1156 deditam,
990 1098 1209 1161 denique
1231 1097 1402 1146 omnia
1425 1099 1490 1147 ad
1511 1116 1623 1163 per-

129 1181 318 1230 niciem
341 1181 614 1246 profligata
636 1184 792 1243 atque
814 1178 1051 1243 perdita?
1085 1193 1301 1241 quorum
1322 1182 1383 1226 tu
1404 1179 1542 1227 nihil
1565 1179 1624 1227 in

133 1259 246 1312 Sex.
272 1262 511 1311 Roscium
533 1278 597 1309 ne
622 1260 877 1309 obiciendi
901 1259 1108 1323 quidem
1131 1274 1281 1307 causa
1304 1259 1587 1308 contulisti.

44 1350 104 1398 39
193 1341 341 1392 XIV.
377 1341 580 1388 Patrem
615 1338 801 1387 occidit
834 1337 948 1387 Sex.
977 1337 1203 1385 Roscius.
1274 1343 1287 1363 ‘
1304 1335 1405 1394 Qui
1437 1337 1623 1387 homo?

129 1419 544 1469 adulescentulus
578 1422 847 1482 corruptus
886 1422 940 1465 et
973 1417 1038 1465 ab
1071 1416 1367 1465 hominibus
1399 1433 1622 1482 nequam

127 1499 370 1548 inductus
386 1501 406 1547 ’.Ρ
421 1499 433 1518 ’
469 1499 645 1547 Annos
667 1502 823 1545 natus
845 1495 1007 1545 maior
1029 1495 1392 1560 quadraginta.
1429 1503 1440 1524 ‘
1457 1497 1621 1546 Vetus

126 1578 369 1628 videlicet
408 1577 636 1637 sicarius,
677 1577 827 1625 homo
867 1576 1035 1624 audax
1079 1579 1131 1623 et
1176 1590 1324 1638 saepe
1368 1575 1425 1622 in
1470 1576 1621 1624 caede

127 1665 362 1708 versatus
379 1661 399 1707 ’.Ρ
414 1658 426 1678 ’
495 1659 568 1706 At
602 1657 700 1706 hoc
739 1657 804 1705 ab
840 1659 1130 1704 accusatore
1166 1671 1232 1703 ne
1268 1654 1373 1702 dici
1411 1655 1619 1718 quidem

127 1739 363 1788 audistis.
434 1745 446 1766 ‘
460 1737 719 1787 Luxuries
764 1736 929 1801 igitur
974 1734 1232 1783 hominem
1276 1731 1521 1782 nimirum
1566 1740 1620 1783 et

126 1818 258 1868 aeris
292 1818 450 1866 alieni
481 1815 786 1881 magnitudo
823 1820 875 1864 et
910 1813 1190 1862 indomitae
1225 1813 1386 1861 animi
1425 1814 1619 1878 cupidi-

125 1904 260 1948 tates
323 1898 390 1946 ad
448 1897 544 1946 hoc
605 1895 768 1944 scelus
823 1893 1145 1958 impulerunt
1167 1892 1212 1939 ‘3’
1280 1892 1358 1941 De
1413 1892 1618 1941 luxurie

126 1977 375 2042 purgavit
408 1975 643 2033 Erucius,
685 1991 801 2023 cum
840 1973 975 2022 dixit
1012 1973 1152 2020 hunc
1186 1988 1250 2020 ne
1289 1971 1346 2019 in
1383 1972 1618 2020 convivio

124 2057 334 2122 quidem
359 2056 469 2104 ullo
500 2056 605 2103 fere
632 2052 962 2110 interfuisse;
997 2052 1133 2099 nihil
1167 2055 1340 2099 autem
1372 2068 1618 2115 umquam

125 2136 320 2185 debuit.
391 2134 713 2199 Cupiditates
735 2148 884 2197 porro
908 2147 1038 2195 quae
1062 2135 1277 2195 possunt
1311 2146 1419 2179 esse
1451 2131 1510 2178 in
1543 2147 1614 2189 eo,

124 2217 233 2280 qui,
257 2221 318 2264 ut
339 2216 450 2280 ipse
478 2217 739 2263 accusator
766 2211 967 2269 obiecit,
991 2210 1103 2259 ruri
1136 2226 1333 2274 semper
1365 2210 1617 2258 habitarit

126 2300 180 2344 et
234 2294 291 2343 in
311 2308 313 2310 ·
337 2311 461 2360 agro
506 2293 714 2342 colendo
760 2291 991 2339 vixerit?
1056 2306 1185 2353 quae
1229 2289 1342 2337 vita
1396 2289 1614 2337 maxime

127 2376 359 2424 diiuncta
395 2391 426 2423 a
461 2373 745 2438 cupiditate
782 2375 834 2419 et
871 2387 987 2418 cum
1016 2369 1176 2418 officio
1213 2369 1485 2417 coniuncta
1519 2373 1611 2416 est.

1 2510 9 2518 ‚
45 2461 103 2510 40
128 2455 266 2513 Quae
300 2471 380 2503 res
410 2453 574 2518 igitur
601 2455 806 2500 tantum
839 2451 998 2498 istum
1034 2449 1258 2496 furorem
1294 2447 1408 2497 Sex.
1434 2447 1614 2496 Roscio

126 2535 346 2584 obiecit?
413 2541 425 2561 ‘
440 2532 584 2581 Patri
598 2532 619 2559 '·
650 2530 825 2594 inquit
860 2536 872 2556 ⁶
890 2545 993 2577 non
1027 2526 1293 2592 placebat.'
1361 2525 1523 2584 Quam
1547 2526 1613 2574 ob

126 2617 363 2665 causam?
395 2629 603 2663 necesse·
641 2615 719 2661 est
764 2610 902 2660 enim
947 2626 1058 2658 eam
1095 2622 1296 2671 quoque
1333 2605 1523 2653 iustam
1559 2609 1613 2653 et

124 2712 364 2761 magnam
409 2699 461 2743 et
506 2693 825 2758 perspicuam
864 2689 1034 2738 fuisse.
1104 2688 1236 2737 Nam
1275 2689 1337 2734 ut
1366 2685 1500 2733 illud
1534 2684 1612 2732 in-
