1832 2970
222 71 285 118 28
698 85 787 120 rRo
820 85 980 120 Rosc10
1013 85 1249 121 nummo.

221 215 285 247 ex
307 198 514 247 luxuria
548 199 764 247 exsistat
797 199 1018 248 avaritia
1050 216 1252 248 necesse
1275 204 1367 258 est,
1392 216 1456 248 ex
1491 198 1710 248 avaritia

221 283 457 342 erumpat
494 278 735 336 audacia;
781 278 901 327 inde
935 279 1104 327 omnia
1138 279 1326 328 scelera
1359 295 1418 327 ac
1462 279 1711 327 maleficia

221 357 539 421 gignuntur:
601 358 712 406 vita
770 363 959 406 autem·
997 359 1121 407 haec
1175 359 1382 416 rustica,
1440 375 1595 422 quam
1650 363 1710 405 tu

220 442 474 500 agrestem
517 454 681 495 vocas,
722 438 1075 501 parsimoniae,
1118 439 1433 502 diligentiae,
1478 437 1711 486 iustitiae

137 517 196 565 76
220 516 467 580 magistra
503 522 595 566 est.
664 517 926 566 XXVIII.
961 518 1157 568 Verum
1201 518 1325 566 haec
1363 518 1517 566 missa
1550 516 1710 565 facio:

219 596 351 643 illud
374 613 574 660 quaero,
599 597 644 645 is
678 597 842 655 homo,
878 598 984 662 qui,
1019 604 1082 646 ut
1116 603 1230 647 tute
1264 598 1406 657 dicis,
1429 613 1711 660 numquam

219 676 356 723 inter
377 675 606 724 homines
641 677 814 734 fuerit,
839 694 931 741 per
964 694 1091 741 quos
1124 677 1355 727 homines
1378 677 1474 725 1100
1503 681 1710 725 tantum

218 755 432 814 facinus,
465 760 572 804 tam
607 756 877 816 occultum,
909 757 1091 805 absens
1125 757 1438 821 praesertim,
1468 756 1710 804 conficere

218 835 460 898 potuerit.
528 835 697 884 Multa
741 841 865 884 sunt
909 836 1053 894 falsa,
1100 837 1309 894 iudices,
1356 853 1487 900 quae
1533 842 1707 884 tamen

218 914 368 978 argui
394 914 668 979 suspiciose
705 920 948 979 possunt:
995 916 1054 963 in
1089 917 1171 965 his
1206 918 1359 965 rebus
1399 917 1445 965 si
1489 917 1709 980 suspicio

217 998 420 1056 reperta
443 994 555 1051 erit,
581 994 786 1058 culpam
818 995 983 1043 inesse
1017 996 1300 1044 concedam.
1370 997 1559 1044 Romae
1594 996 1709 1045 Sex.

217 1072 427 1120 Roscius
450 1070 712 1132 occiditur,
737 1090 853 1121 cum
886 1073 943 1121 in
977 1090 1101 1138 agro
1125 1074 1369 1124 Amerino
1392 1080 1524 1124 esset
1554 1075 1708 1123 filius.

216 1150 457 1210 Litteras,
511 1153 674 1211 credo,
720 1153 863 1201 misit
918 1154 1074 1203 alicui
1129 1154 1323 1213 sicario,
1371 1156 1462 1219 qui
1521 1155 1710 1203 Romae

216 1236 429 1279 noverat
485 1231 755 1280 neminem.
841 1239 852 1259 ‘
868 1233 1152 1281 Arcessivit
1204 1233 1459 1297 aliquem.’
1546 1233 1707 1291 Quem

216 1315 307 1358 aut
357 1311 598 1374 quando?
678 1318 690 1338 ‘
706 1312 963 1361 Nuntium
1018 1313 1191 1361 misit.’
1279 1313 1441 1371 Quem
1496 1318 1588 1362 aut
1644 1314 1710 1361 ad

216 1393 401 1452 quem?
502 1397 515 1417 ‘
533 1390 719 1448 Pretio,
781 1391 964 1455 gratia,
1022 1408 1125 1456 spe,
1184 1392 1445 1455 promissis
1500 1392 1709 1440 induxit

214 1468 468 1533 aliquem.’
537 1469 683 1518 Nihil
721 1469 906 1518 horum
938 1486 1003 1518 ne
1034 1471 1259 1534 confingi
1282 1470 1489 1534 quidem
1524 1475 1707 1535 potest,

213 1553 266 1597 et
289 1553 462 1598 tamen
484 1566 635 1598 causa
658 1550 719 1597 de
742 1550 1015 1614 parricidio
1038 1550 1243 1599 dicitur.

129 1630 190 1676 7¹7
279 1629 557 1692 Reliquum
590 1634 667 1677 est
700 1634 762 1677 ut
794 1646 886 1693 per
919 1645 1090 1678 servos
1123 1630 1179 1677 id
1212 1630 1491 1678 admiserit.
1562 1630 1620 1688 O,
1654 1631 1708 1678 di

212 1708 540 1766 immortales,
578 1724 686 1756 rem
721 1708 960 1756 miseram
997 1713 1050 1756 et
1086 1709 1446 1766 calamitosam,
1476 1710 1613 1772 quod
1651 1709 1708 1757 in

213 1787 309 1835 tali
354 1787 579 1844 crimine,
626 1788 762 1851 quod
805 1787 1164 1836 innocentibus
1208 1788 1367 1836 saluti
1412 1788 1541 1836 solet
1585 1805 1708 1848 esse,

213 1871 274 1914 ut
329 1883 500 1915 servos
554 1866 611 1914 in
667 1867 1018 1930 quaestionem
1062 1867 1422 1932 polliceantur,
1479 1867 1534 1915 id
1591 1868 1706 1918 Sex.

214 1945 393 1994 Roscio
429 1946 594 1994 facere
628 1962 732 1994 non
771 1945 907 1994 licet.
976 1946 1096 2004 Vos,
1135 1946 1227 2010 qui
1259 1946 1398 1994 1111110
1443 1947 1708 2007 accusatis,

214 2042 386 2074 omnes
419 2025 529 2073 eius
563 2042 733 2074 servos
765 2025 996 2074 habetis:
1030 2042 1166 2074 unus
1200 2042 1344 2090 puer,
1379 2026 1550 2074 victus
1585 2027 1708 2075 coti·

214 2104 355 2153 diani
378 2105 626 2164 minister,
649 2122 713 2154 ex
746 2110 894 2153 tanta
928 2106 1125 2154 familia
1160 2105 1273 2155 Sex.
1297 2106 1475 2154 Roscio
1497 2106 1707 2154 relictus

214 2201 318 2233 11011
340 2189 432 2233 est.
502 2185 576 2232 Te
597 2201 735 2232 nunc
758 2185 973 2248 appello,
998 2186 1054 2233 P.
1080 2184 1265 2250 Scipio,
1290 2189 1357 2244 te,
1373 2185 1443 2232 Μ.
1469 2184 1704 2233 Metelle:

213 2263 358 2312 vobis
402 2263 677 2322 advocatis,
721 2263 868 2311 vobis
912 2264 1201 2328 agentibus,
1236 2263 1546 2327 aliquotiens
1580 2263 1706 2311 duos

215 2360 385 2392 servos
413 2347 650 2407 paternos
682 2342 739 2390 in
774 2344 1125 2406 quaestionem
1158 2344 1223 2392 ab
1257 2342 1561 2391 adversariis
1590 2342 1705 2392 Sex.

214 2423 426 2471 Roscius
471 2421 769 2486 postulavit.
838 2422 1214 2472 Meministisne
1255 2424 1313 2471 T.
1355 2422 1594 2471 Roscium
1628 2439 1706 2471 re-

214 2503 423 2551 cusare?
489 2500 657 2559 Quid?
700 2500 740 2548 ii
775 2501 910 2548 servi
950 2502 1042 2552 ubi
1075 2505 1233 2551 sunt?
1300 2501 1705 2565 Chrysogonum,

213 2582 420 2641 iudices,
455 2585 744 2638 sectantur3
780 2581 917 2644 apud
951 2598 1067 2628 eum
1102 2587 1225 2631 sunt
1255 2582 1311 2629 in
1340 2581 1531 2630 honore
1564 2586 1618 2630 et
1648 2581 1703 2628 in

213 2661 394 2725 pretio.
462 2660 636 2709 Etiam
665 2676 818 2717 nunc,
850 2664 911 2707 ut
946 2677 1008 2708 ex
1042 2661 1107 2709 iis
1143 2664 1434 2725 quaeratur,
1466 2677 1559 2724 ego
1590 2676 1700 2724 pos-
