1832 2970
226 83 256 130 2
694 95 784 130 PRO
817 95 978 130 Rosclo
1011 94 1247 129 Ammmo.

225 212 378 271 atque
423 207 481 255 in
526 207 718 272 vulgus
768 223 1003 256 emanare
1062 206 1282 271 poterit:
1341 205 1539 263 deinde,
1586 205 1723 270 quod

225 292 505 336 ceterorum
567 302 734 350 neque
804 286 1001 334 dictum
1065 286 1335 335 obscurum
1392 289 1561 349 potest
1615 300 1723 334 esse

225 371 433 431 propter
459 366 787 414 nobilitatem
817 370 871 413 et
902 364 1312 429 amplitudinem,
1336 381 1501 428 neque
1532 369 1723 413 temere

225 446 362 494 dicto
399 445 606 494 concedi
645 449 854 509 propter
889 449 1111 493 aetatem
1146 449 1199 493 et
1234 445 1593 510 prudentiam:
1628 460 1724 508 ego

225 525 270 573 si
293 525 418 588 quid
441 523 655 573 liberius
684 523 875 581 dixero,
900 523 985 572 vel
1018 523 1274 573 occultum
1309 539 1431 582 esse,
1455 528 1726 588 propterea

226 604 362 668 quod
396 604 621 653 nondum
656 603 720 651 ad
754 619 863 651 rem
897 602 1154 667 publicam
1186 603 1387 661 accessi,
1411 603 1497 652 vel
1527 603 1725 667 ignosci

226 683 601 732 adulescentiae
631 683 840 747 poterit,
865 682 1074 731 tametsi
1107 699 1212 731 non
1244 683 1393 731 modo
1426 681 1726 747 ignoscendi

226 767 374 826 ratio,
399 783 579 815 verum
613 766 771 814 etiam
808 765 1146 830 cognoscendi
1182 764 1494 814 consuetudo
1526 763 1631 811 iam
1662 763 1726 811 de

175 851 204 897 ζ.
227 846 440 895 civitate
486 847 692 895 sublata
737 850 831 895 est.
915 846 1127 894 Accedit
1171 845 1266 894 illa
1310 860 1512 909 quoque
1557 860 1723 901 causa,

226 926 362 990 quod
396 943 426 974 a
460 926 641 974 ceteris
679 926 896 974 forsitan
932 925 1008 973 ita
1035 925 1259 989 petitum
1276 925 1375 1008 ysitg⁸
1388 929 1449 994 ut
1481 924 1724 981 dicerent,

225 1010 309 1061 ut<
331 1005 592 1053 utrumvis
637 1005 779 1053 salvo
826 1004 985 1052 officio
1026 1004 1192 1052 facere
1228 1020 1282 1051 se
1311 997 1473 1067 ‘posse
1509 1003 1725 1050 arbitra-

225 1089 436 1133 rentur:
473 1101 504 1132 a
538 1101 619 1132 me
656 1088 830 1132 autem
865 1083 906 1130 ii
939 1083 1327 1140 contenderunt,
1353 1082 1446 1146 qui
1477 1081 1613 1146 apud
1643 1098 1725 1131 me

225 1168 278 1212 et
324 1163 555 1212 amicitia
601 1168 654 1211 et
712 1162 974 1211 beneficiis
1033 1166 1086 1210 et
1144 1162 1401 1226 dignitate
1445 1161 1726 1225 plurimum

225 1247 454 1308 possunt,
480 1260 697 1307 quorum
732 1259 827 1307 ego
860 1258 1027 1306 neque
1060 1241 1474 1290 benevolentiam
1500 1257 1623 1305 erga
1645 1257 1726 1289 me

223 1323 461 1388 ignorare
483 1339 576 1371 nec
600 1322 959 1371 auctoritatem
990 1321 1254 1386 aspernari
1284 1337 1378 1369 nec
1401 1320 1725 1369 voluntatem

175 1407 202 1454 5
226 1404 498 1468 neglegere
544 1403 814 1451 debebam,
874 1402 948 1450 ΙΙ.
997 1401 1097 1450 His
1143 1402 1206 1449 de
1252 1400 1418 1449 causis
1463 1417 1558 1465 ego
1602 1400 1725 1449 huic

213 1499 405 1532 causae
467 1487 714 1548 patronus
777 1481 970 1539 exstiti,
1022 1498 1126 1530 non
1174 1481 1366 1529 electus
1421 1497 1571 1541 unus,
1635 1481 1725 1545 qui

225 1563 449 1611 maximo
503 1561 729 1626 ingenio,
777 1561 865 1609 sed
923 1560 1136 1608 relictus
1198 1577 1262 1608 ex
1323 1560 1575 1618 omnibus,
1634 1561 1725 1624 qui

226 1643 439 1691 minimo
485 1642 713 1707 periculo
758 1657 957 1705 possem
1003 1641 1184 1698 dicere,
1232 1655 1398 1703 neque
1455 1640 1538 1688 uti
1599 1640 1725 1688 satis

226 1724 371 1771 firmo
411 1722 664 1787 praesidio
705 1721 943 1769 defensus
989 1720 1103 1769 Sex.
1151 1719 1377 1779 Roscius,
1417 1736 1597 1768 verum
1642 1719 1724 1768 uti

225 1819 291 1851 ne
350 1801 557 1851 omnino
617 1801 847 1849 desertus
914 1803 1060 1848 esset.
1151 1799 1390 1847 Forsitan
1448 1799 1722 1863 quaeratis,

226 1883 318 1946 qui
365 1882 463 1931 iste
511 1886 677 1930 terror
726 1880 795 1928 sit
843 1884 896 1928 et
944 1896 1075 1943 quae
1120 1884 1268 1928 tanta
1314 1879 1545 1938 formido,
1593 1896 1724 1943 quae

226 1967 306 2010 tot
341 1978 400 2010 ac
435 1961 566 2009 tales
602 1961 740 2008 viros
776 1960 1024 2024 impediat
1062 1975 1163 2023 quo
1202 1959 1374 2007 minus
1418 1974 1512 2023 pro
1556 1959 1724 2023 capite

226 2046 278 2090 et
349 2040 571 2090 fortunis
641 2039 870 2099 alterius,
929 2034 1080 2102 quem
1137 2039 1203 2087 ad
1257 2039 1464 2087 modum
1519 2055 1724 2087 consue-

226 2125 429 2178 verunt,
477 2136 681 2168 causam
725 2118 893 2167 velint
946 2119 1127 2167 dicere.
1210 2118 1356 2177 Quod
1411 2118 1579 2167 adhuc
1632 2135 1724 2167 vos

226 2203 463 2266 ignorare
502 2217 606 2248 non
651 2198 839 2246 mirum
876 2202 968 2255 est,
1007 2202 1276 2262 propterea
1315 2199 1452 2262 quod
1490 2198 1723 2248 consulto

226 2282 292 2329 ab
328 2279 704 2329 accusatoribus
742 2278 851 2326 eius
887 2278 978 2335 rei,
1013 2293 1144 2341 quae
1184 2273 1428 2326 conflavit
1462 2277 1558 2325 hoc
1590 2276 1722 2325 iudi-

172 2362 199 2408 6
226 2361 377 2419 cium,
401 2359 596 2409 mentio
619 2359 755 2406 facta
777 2375 882 2406 non
904 2362 998 2405 est.
1066 2357 1204 2415 Quae
1227 2374 1308 2406 res
1330 2373 1389 2406 ea
1411 2358 1526 2406 est?
1580 2357 1722 2406 Bona

226 2441 391 2506 patris
443 2439 654 2488 huiusce
701 2438 815 2487 Sex.
862 2437 1046 2494 Roscii,
1094 2453 1224 2500 quae
1268 2441 1390 2485 sunt
1435 2437 1720 2501 sexagiens,

226 2537 356 2584 quae
384 2521 446 2569 de
468 2519 581 2567 viro
605 2518 885 2567 clarissimo
908 2522 961 2566 et
985 2517 1277 2574 fortissimo,
1302 2517 1359 2564 L.
1385 2515 1544 2574 Sulla,
1568 2533 1722 2580 quem

225 2599 433 2649 honoris
455 2615 606 2650 causa
627 2598 848 2656 nomino,
874 2597 1069 2645 duobus
1092 2597 1301 2644 milibus
1322 2612 1590 2644 nummum
1613 2612 1721 2645 sese

226 2679 355 2730 dicit
385 2679 566 2730 emisse
597 2678 895 2728 adulescens
926 2678 1014 2727 vel
1049 2678 1439 2741 potentissimus
1469 2678 1565 2728 hoc
1594 2683 1722 2727 tem-
