1832 2970
601 28 691 64 mzo
724 28 884 64 Rosclo
925 27 1155 64 1118111110.
1557 17 1620 64 45

124 144 315 195 ciosum
354 148 459 204 est3
495 145 633 209 quod
669 161 791 194 vero
832 146 970 210 apud
1015 162 1108 195 vos
1147 144 1285 209 ipsos
1329 144 1386 193 in
1430 141 1624 193 honore

123 230 273 274 tanto
296 229 432 283 sunt,
459 226 685 289 profecto
716 241 916 274 necesse
950 230 1028 274 est
1056 226 1221 274 sciant
1249 223 1462 289 aliquid,
1488 223 1625 288 quod

124 306 168 355 si
212 305 454 364 dixerint,
501 306 841 370 perniciosum
886 306 1033 355 vobis
1078 306 1315 354 futurum
1360 305 1443 354 sit.
1531 303 1625 351 ‘In

124 386 353 435 dominos
374 386 553 450 quaeri
584 386 646 435 de
674 386 836 435 servis
864 386 1104 449 iniquum
1133 386 1240 435 est.'
1309 386 1383 434 At
1407 385 1451 433 si
1473 399 1626 449 quae-

124 467 259 516 ritur
292 467 354 515 de
389 467 503 517 Sex.
538 467 708 516 Roscii
743 467 920 524 servis,
953 483 1056 514 non
1088 466 1144 514 in
1175 467 1439 515 dominum
1475 480 1627 529 quae-

124 546 284 604 ritur;
319 562 412 595 vos
442 546 581 595 enim
609 546 838 595 dominos
873 563 979 595 esse
1015 546 1200 595 dicitis.
1272 554 1283 573 ‘
1302 545 1431 595 Cum
1463 543 1628 608 Chry-

124 642 312 690 sogono
335 626 488 675 sunt.’
546 628 631 676 Ita
646 628 821 676 credo:
858 626 1050 675 litteris
1073 642 1247 675 eorum
1264 631 1317 675 et
1331 626 1628 674 urbanitate

126 705 490 771 Chrysogonus
514 707 733 767 ducitur,
759 711 820 754 ut
844 706 983 755 inter
1016 722 1133 755 81108
1163 705 1393 754 011111111111
1424 704 1628 754 delicia-

125 802 241 834 rum
263 790 420 850 atque
444 787 672 835 omnium
695 786 887 835 artium
902 786 1157 851 puerulos,
1175 802 1239 834 ex
1261 789 1341 834 tot
1356 784 1629 849 elegantis-

126 866 268 915 simis
291 866 502 915 familiis
525 866 697 925 lectos,
721 866 851 914 velit
874 866 966 914 hos
983 865 1192 923 versari,
1212 864 1445 914 homines
1469 879 1630 929 paene

129 947 384 1010 operarios
414 964 478 996 ex
506 947 752 996 Amerina
785 946 1060 1010 disciplina
1082 945 1246 1010 patris
1270 945 1498 994 familiae
1521 961 1631 993 rus-

133 1026 304 1075 ticani.
372 1027 489 1077 Non
519 1027 595 1075 ita
625 1032 703 1076 est
733 1027 974 1092 profecto,
1010 1026 1231 1084 iudices3
1267 1042 1372 1074 non
1407 1030 1485 1074 est
1521 1025 1632 1074 veri

131 1105 311 1164 simile,
335 1111 397 1155 ut
420 1106 783 1172 Chrysogonus
810 1106 994 1155 horum
1021 1107 1225 1155 litteras
1253 1106 1508 1154 adamarit
1539 1109 1632 1154 aut

130 1185 519 1245 humanitatem,
560 1204 680 1245 non,
722 1192 783 1235 ut
823 1187 899 1236 rei
946 1186 1218 1234 familiaris
1262 1186 1470 1250 negotio
1516 1185 1632 1234 dili-

132 1265 359 1328 gentiam
399 1266 632 1330 cognorit
676 1283 849 1315 eorum
895 1272 947 1314 et
992 1266 1160 1314 fidem.
1230 1265 1326 1314 Est
1371 1265 1632 1329 quiddam,

133 1345 268 1407 quod
290 1345 605 1394 occultatur:
642 1346 778 1409 quod
802 1362 902 1409 quo
927 1345 1206 1394 studiosius
1229 1345 1295 1393 ab
1317 1345 1434 1393 istis
1464 1345 1634 1409 oppri-

131 1423 292 1472 mitur
324 1428 379 1474 et
414 1423 757 1485 absconditur,
796 1441 854 1474 eo
890 1426 1056 1489 magis
1090 1425 1281 1473 eminet
1314 1429 1367 1474 et
1401 1429 1632 1490 apparet.

131 1503 303 1554 XLII.
340 1504 475 1563 Quid
515 1504 716 1569 igitur?
797 1505 1159 1569 Chrysogonus
1204 1505 1351 1554 suine
1395 1504 1635 1554 maleficii

131 1583 421 1633 occultandi
444 1600 594 1634 causa
617 1585 970 1649 quaestionem
993 1585 1054 1633 de
1072 1585 1137 1633 iis
1154 1584 1334 1634 haberi
1356 1601 1460 1634 non
1482 1585 1634 1633 vult?

133 1663 361 1724 Minime,
386 1663 611 1722 iudices3
647 1681 753 1712 non
776 1664 835 1713 in
865 1681 1039 1714 omnes
1070 1664 1293 1713 arbitror
1324 1664 1495 1713 omnia
1518 1681 1634 1713 con-

132 1744 322 1793 venire.
389 1745 502 1809 Ego
541 1743 598 1792 in
640 1744 988 1810 Chrysogono,
1028 1745 1165 1809 quod
1204 1745 1269 1793 ad
1304 1762 1385 1794 me
1426 1745 1633 1804 attinet,

132 1826 269 1874 nihil
324 1826 435 1875 81118
488 1826 626 1874 modi
679 1827 921 1890 suspicor,
969 1842 1134 1890 neque
1182 1825 1279 1875 hoc
1322 1826 1452 1874 mihi
1496 1843 1635 1875 nuno

133 1905 358 1969 primum
397 1905 456 1953 in
494 1909 717 1953 mentem
757 1906 905 1954 venit
950 1906 1130 1955 dicere.
1198 1906 1510 1955 Meministis
1554 1922 1636 1956 me

135 1985 212 2033 ita
234 1985 555 2034 distribuisse
576 1985 727 2034 initio
760 2002 989 2034 causam:
1026 1986 1082 2033 in
1113 1986 1320 2043 crimen,
1347 1986 1493 2035 cuius
1524 1990 1638 2035 tota

135 2065 514 2128 argumentatio
548 2065 794 2130 permissa
828 2066 1015 2114 Erucio
1050 2070 1143 2125 est,
1173 2071 1226 2115 et
1259 2066 1316 2114 in
1351 2066 1633 2125 audaciam,

134 2144 280 2193 cuius
336 2150 508 2209 partes
564 2145 760 2195 Rosciis
815 2145 1084 2210 impositae
1140 2150 1278 2195 sunt.
1370 2145 1635 2210 Quidquid

133 2223 386 2283 maleficii,
423 2225 639 2284 sceleris,
676 2225 842 2274 caedis
878 2226 992 2286 erit,
1034 2225 1298 2290 proprium
1337 2225 1392 2274 id
1433 2226 1636 2275 Roscio-

134 2319 250 2351 rum
289 2320 397 2353 esse
437 2304 654 2353 debebit.
722 2305 948 2354 Nimiam
986 2306 1209 2370 gratiam
1249 2307 1637 2370 potentiamque

135 2381 453 2446 Chrysogoni
509 2384 723 2433 dicimus
775 2390 827 2434 et
871 2385 1020 2434 nobis
1075 2386 1277 2434 obstare
1322 2389 1375 2434 et
1419 2384 1636 2450 perferri

135 2464 280 2513 nullo
302 2465 449 2514 modo
474 2482 618 2530 posse
647 2470 699 2515 et
733 2483 763 2515 a
795 2467 955 2526 vobis,
982 2467 1226 2530 quoniam
1254 2470 1480 2531 potestas
1514 2466 1636 2514 data

135 2548 230 2603 est,
274 2560 378 2593 non
430 2546 579 2594 modo
634 2546 898 2606 infirmari,
945 2563 1125 2595 verum
1178 2547 1336 2597 etiam
1380 2547 1636 2597 vindicari

1654 1016 1743 1068 121

1655 1495 1748 1545 122

135 2627 380 2688 oportere.
449 2625 562 2691 Ego
585 2625 658 2675 sic
685 2627 950 2676 existimo:
988 2626 1078 2692 qui
1106 2627 1284 2692 quaeri
1307 2627 1438 2677 velit
1465 2644 1529 2678 ex
1555 2627 1634 2689 iis,
1657 2632 1748 2680 123
