1832 2970
221 70 286 118 48
685 86 774 121 PRO
810 86 968 120 1108010
1002 87 1240 123 mammo.

221 199 335 250 SeX.
358 199 529 250 Roscii
565 200 758 250 mederi
795 200 1018 260 debeam,
1043 200 1310 250 reduviam
1345 218 1530 250 curem.
1598 202 1713 251 Non

219 280 358 330 enim
402 281 604 330 laborat
648 281 711 329 de
748 281 977 345 pecunia,
1016 298 1119 330 non
1159 281 1319 330 ullius
1355 281 1606 330 rationem
1632 282 1714 330 sui

219 360 467 410 commodi
498 360 673 418 ducit;
710 360 861 409 facile
899 365 1178 427 egestatem
1214 378 1358 410 suam
1398 377 1451 410 se
1485 361 1714 409 laturum

223 445 390 503 putat,
433 440 478 488 si
518 440 615 489 hac
665 439 883 504 indigna
929 440 1217 505 suspicione
1256 445 1309 489 et
1348 440 1468 489 ficto
1501 439 1715 490 crimine

109 517 195 565 129
218 520 469 569 liberatus
493 520 577 569 sit.
646 520 839 570 Verum
862 536 1047 584 quaeso
1061 537 1092 569 a
1108 521 1269 579 vobis,
1287 521 1494 579 iudices,
1513 524 1574 568 ut
1590 519 1713 568 haec

220 615 395 664 pauca,
420 615 550 663 quae
571 604 785 660 restant,
801 600 877 648 ita
899 600 1139 661 audiatis,
1154 604 1215 649 ut
1229 600 1419 665 partim
1442 616 1523 648 me
1545 598 1713 648 dicere

220 695 313 744 pro
335 695 417 729 me
445 681 554 744 ipso
585 680 794 744 putetis,
819 681 1010 745 partim
1041 697 1133 745 pro
1170 680 1282 731 Sex.
1308 680 1506 729 Roscio.
1575 679 1714 737 Quae

218 759 357 809 enim
406 760 536 808 mihi
579 760 682 825 ipsi
717 760 935 825 indigna
978 765 1031 808 et
1076 759 1425 808 intolerabilia
1469 758 1714 808 videntur

220 855 448 904 quaeque
481 840 547 888 ad
580 856 765 901 omnes,
789 840 893 890 nisi
926 839 1264 904 providemus,
1300 839 1522 897 arbitror
1555 838 1714 903 perti-

218 934 353 978 nere,
378 936 437 968 ea
470 936 562 984 pro
595 936 677 968 me
708 919 820 984 ipso
855 937 919 969 ex
955 919 1116 968 animi
1139 919 1240 968 mei
1270 935 1422 968 sensu
1452 935 1511 967 ac
1541 918 1713 967 dolore

220 994 524 1058 pronuntio:
561 1013 691 1059 quae
732 997 797 1044 ad
836 996 993 1044 huius
1029 997 1195 1044 vitam
1229 1012 1534 1059 causamque
1557 996 1714 1059 perti-

219 1079 361 1133 nent,
387 1079 440 1123 et
464 1074 590 1138 quid
612 1075 698 1123 hic
721 1092 814 1138 pro
845 1092 898 1123 se
932 1075 1036 1123 dici
1069 1074 1201 1123 velit
1223 1078 1276 1123 et
1294 1090 1395 1138 qua
1418 1074 1713 1123 condicione

218 1158 489 1203 contentus
511 1154 596 1214 sit,
615 1155 717 1202 iam
732 1155 789 1202 in
809 1159 1034 1204 extrema
1048 1154 1275 1203 oratione
1289 1159 1481 1213 nostra,
1503 1153 1713 1213 iudices,

218 1233 454 1283 audietis.

105 1311 195 1359 130
283 1312 444 1362 XLV.
480 1313 591 1377 Ego
614 1313 738 1362 haec
761 1329 791 1361 a
815 1312 1145 1377 Chrysogono
1171 1329 1284 1362 mea
1306 1318 1488 1378 sponte
1520 1318 1715 1363 remoto

218 1392 331 1441 Sex.
356 1392 536 1442 Roscio
559 1409 774 1457 quaero:
811 1393 1045 1457 primum>
1059 1409 1216 1456 quare
1231 1393 1361 1442 civis
1378 1393 1562 1458 optimi
1581 1393 1714 1443 bona

217 1471 506 1530 venierint;
542 1470 726 1521 deinde
749 1488 905 1535 quare
938 1471 1163 1521 hominis
1185 1472 1309 1530 eius,
1334 1472 1425 1537 qui
1448 1489 1589 1537 neque
1602 1490 1713 1538 pro-

218 1552 420 1616 scriptus
463 1568 628 1615 neque
673 1551 811 1615 apud
851 1551 1168 1600 adversarios
1214 1551 1407 1601 occisus
1442 1557 1534 1610 est,
1580 1552 1715 1603 bona

219 1631 492 1688 venierint,
528 1648 644 1680 cum
677 1631 735 1679 in
770 1647 853 1680 eos
888 1630 1019 1679 solos
1052 1631 1137 1679 lex
1171 1631 1359 1695 scripta
1393 1632 1494 1689 sit;
1530 1632 1715 1681 deinde

223 1729 379 1777 quare
401 1712 666 1775 aliquanto
690 1715 806 1775 post
839 1727 950 1760 eam
985 1711 1119 1759 diem
1152 1711 1425 1772 venierint,
1450 1729 1581 1776 quae
1605 1713 1714 1761 dies

219 1793 276 1841 in
298 1792 412 1856 lege
435 1790 706 1856 praefinita
728 1795 834 1849 est3
871 1789 1090 1854 denique
1113 1807 1203 1840 cur
1217 1791 1418 1840 tantulo
1439 1792 1712 1841 venierint.

223 1871 364 1930 Quae
400 1871 570 1919 omnia
606 1870 666 1929 si,
703 1886 855 1934 quem
891 1870 956 1918 ad
991 1870 1197 1919 modum
1233 1870 1397 1920 solent
1426 1871 1608 1921 liberti
1629 1889 1715 1921 ne-

220 1968 375 2016 quam
398 1956 451 2000 et
473 1950 694 2014 improbi
717 1951 899 2010 facere,
923 1949 981 1997 in
1014 1954 1290 2015 patronum
1321 1966 1471 2000 suum
1492 1951 1716 2001 voluerit

221 2031 461 2089 conferre,
503 2029 639 2077 nihil
677 2028 869 2093 egerit:
904 2045 1053 2077 nemo
1093 2033 1172 2078 est
1211 2028 1362 2088 enim,
1394 2029 1485 2094 qui
1520 2031 1716 2081 nesciat

219 2115 426 2176 propter
462 2109 874 2173 magnitudinem
913 2125 1084 2157 rerum
1123 2109 1288 2158 multa
1323 2110 1513 2160 multos
1538 2111 1716 2175 partim

111 2192 198 2242 131
220 2191 376 2250 invito,
394 2189 584 2254 partim
601 2188 924 2252 imprudente
938 2189 995 2236 L.
1013 2187 1156 2237 Sulla
1171 2189 1492 2240 commisisse.
1539 2191 1714 2240 Placet

223 2266 388 2331 igitur
411 2265 464 2313 in
489 2264 573 2313 his
595 2265 747 2312 rebus
781 2264 980 2327 aliquid
1020 2263 1372 2328 imprudentia
1408 2266 1712 2330 praeteriri?

219 2364 322 2396 non
378 2345 560 2410 placet,
618 2343 826 2402 iudiceS,
882 2343 970 2392 sed
1016 2360 1218 2394 necesse
1263 2352 1355 2395 est.
1425 2345 1629 2395 Etenim
1669 2346 1713 2394 si

220 2426 458 2492 Iuppiter
496 2424 718 2490 optimus
757 2422 1024 2483 maximus,
1063 2424 1208 2473 cuius
1246 2430 1380 2474 nutu
1413 2429 1466 2474 et
1499 2425 1716 2474 arbitrio

221 2507 431 2567 caelum,
465 2510 605 2555 terra
640 2503 902 2567 mariaque
943 2509 1209 2567 reguntur,
1234 2521 1383 2568 saepe
1419 2504 1590 2553 ventis
1629 2521 1714 2554 ve-

221 2587 624 2638 hementioribus
668 2589 762 2635 aut
796 2583 1146 2633 immoderatis
1190 2584 1580 2649 tempestatibus
1623 2588 1714 2632 aut

222 2667 379 2716 nimio
434 2665 600 2715 calore
650 2668 741 2714 aut
800 2661 1119 2711 intolerabili
1176 2662 1366 2728 frigore
1422 2662 1715 2712 hominibus
