1832 2970
542 73 631 108 PRO
666 72 826 107 ROSCIO
859 70 1096 106 AMERINO.
1498 61 1559 108 35

68 191 282 257 pecunia
313 190 456 239 dives
492 205 576 247 es;
612 188 693 237 sin
725 205 822 246 608,
848 202 976 253 quos
1012 189 1104 253 qui
1134 188 1325 239 leviore
1355 188 1560 238 nomine

69 272 333 337 appellant
367 283 684 335 percussores
720 272 920 326 vocant,
959 284 1160 332 quaere,
1186 267 1242 315 in
1278 267 1424 317 cuius
1459 267 1562 316 fide

70 353 177 402 sint
213 356 266 401 et
300 348 563 400 clientela:
602 348 732 396 mihi
768 349 927 408 crede,
958 348 1183 411 aliquem
1220 348 1282 397 de
1319 347 1562 397 societate

71 438 163 481 tua
198 430 416 496 reperies
430 449 443 488 ;
480 433 534 478 et
570 429 823 493 quidquid
853 434 914 477 tu
938 434 1115 478 contra
1138 428 1344 488 dixeris,
1368 429 1423 477 id
1447 446 1564 478 cum

73 511 362 562 defensione
404 514 579 559 nostra
624 508 946 558 contendito:
997 508 1075 557 ita
1120 508 1366 558 facillime
1413 525 1565 558 causa

74 592 186 642 SeX.
208 590 377 640 Roscii
399 605 516 639 cum
532 594 624 638 tua
642 590 944 640 conferetur.
997 588 1173 637 Dices:
1202 595 1213 615 ‘
1230 588 1356 652 quid
1375 593 1565 653 postea,
1593 587 1656 637 94

73 672 118 722 si
135 672 323 721 Romae
340 670 574 719 assiduus
598 669 735 718 fui?'
771 667 1137 733 Respondebo:
1162 671 1217 716 at
1240 683 1334 732 ego
1358 667 1565 716 omnino

75 767 174 801 non
206 750 299 800 fui.
370 750 583 799 ‘Fateor
618 766 698 798 me
735 753 979 797 sectorem
1011 764 1134 807 esse,
1171 764 1351 796 verum
1388 752 1441 796 et
1477 748 1569 796 alii

72 829 258 878 multi.'
327 829 401 877 At
423 844 533 893 ego,
556 833 619 876 ut
642 832 755 876 tute
779 827 969 892 arguis,
994 826 1221 891 agricola
1244 831 1296 875 et
1328 826 1567 876 rusticus.

74 915 88 936 ⁴
103 908 221 958 Non
243 907 500 966 continuo,
525 907 570 956 si
592 924 672 956 me
694 906 750 955 in
774 923 984 971 gregem
1021 906 1320 955 sicariorum
1357 906 1568 964 contuli,

74 1005 189 1038 sum
212 987 452 1038 sicarius?
522 987 595 1035 At
618 1004 712 1052 ego
735 987 976 1051 profecto,
1002 986 1094 1051 qui
1115 1003 1181 1035 ne
1203 986 1327 1036 novi
1362 986 1571 1050 quidem

77 1084 385 1133 quemquam
438 1066 692 1125 sicarium,
738 1067 890 1131 longe
944 1067 1125 1115 absum
1169 1066 1234 1115 ab
1280 1065 1390 1115 eius
1434 1066 1572 1115 modi

78 1147 304 1196 crimine.
373 1147 638 1196 Permulta
674 1151 810 1204 sunt,
837 1163 968 1210 quae
1004 1145 1107 1195 dici
1142 1150 1374 1210 possunt,
1413 1162 1570 1210 quare

81 1226 417 1291 intellegatur
455 1242 706 1274 summam
749 1226 846 1274 tibi
883 1226 1184 1274 facultatem
1224 1225 1382 1274 fuisse
1418 1226 1571 1275 male-

79 1305 184 1354 ficii
219 1305 542 1370 suscipiendi,
581 1321 712 1369 quae
747 1321 852 1354 non
887 1305 1035 1353 modo
1070 1305 1259 1354 idcirco
1295 1310 1572 1370 praetereo,

79 1386 218 1450 quod
253 1390 306 1434 te
341 1385 511 1450 ipsum
539 1402 642 1434 non
664 1385 886 1433 libenter
908 1401 1101 1443 accuso,
1126 1401 1306 1433 verum
1329 1402 1387 1434 eo
1410 1386 1574 1450 magis

80 1466 252 1525 etiam,
276 1466 426 1530 quod,
451 1465 495 1514 si
518 1466 580 1514 de
603 1465 710 1514 illis
734 1464 971 1513 caedibus
988 1464 1147 1512 velim
1170 1481 1574 1524 commemorare,

65 1562 211 1610 quae
247 1549 359 1594 tum
397 1545 562 1594 factae
598 1549 721 1593 sunt
756 1544 859 1593 ista
896 1544 1070 1592 eadem
1095 1544 1307 1603 ratione,
1332 1561 1435 1609 qua
1459 1545 1573 1596 Sex.

81 1626 293 1676 Roscius
329 1625 522 1674 occisus
558 1629 651 1683 est,
675 1641 852 1674 vereor
886 1640 951 1672 ne
983 1624 1048 1672 ad
1079 1624 1254 1689 plures
1278 1625 1440 1675 oratio
1463 1643 1576 1675 mea

81 1706 338 1771 pertinere
359 1705 614 1753 videatur.
1448 1716 1452 1718 ’

149 1785 405 1835 XXXIV.
462 1784 741 1835 Videamus
776 1800 915 1831 nunc
952 1783 1189 1842 strictim,
1222 1784 1357 1834 sicut
1394 1789 1576 1845 cetera,
1602 1789 1665 1837 95

83 1883 215 1931 quae
236 1870 354 1930 post
376 1870 592 1914 mortem
617 1867 729 1915 Sex.
755 1865 925 1913 Roscii
947 1865 1038 1913 abs
1074 1870 1138 1924 te,
1165 1866 1224 1914 Τ.
1250 1866 1416 1926 Rosci,
1443 1867 1579 1917 facta

84 1945 222 1993 sint:
258 1960 388 2008 quae
410 1944 486 1992 ita
509 1947 686 2007 aperta
709 1948 761 1992 et
783 1943 1057 1992 manifesta
1087 1949 1225 2003 sunt,
1249 1950 1312 1994 ut
1346 1962 1427 1995 me
1464 1946 1579 1995 dius

87 2023 282 2082 Fidius,
328 2023 534 2082 iudices,
581 2023 779 2072 invitus
823 2040 883 2072 ea
928 2023 1109 2073 dicam.
1190 2024 1382 2076 Vereor
1426 2027 1578 2086 enim,

88 2103 394 2152 cuicuimodi
426 2120 494 2162 es,
520 2104 578 2152 T.
603 2103 766 2162 Rosci,
790 2120 856 2152 ne
891 2103 968 2152 ita
994 2103 1134 2153 hunc
1155 2103 1334 2154 videar
1356 2107 1580 2156 voluisse

88 2199 306 2241 servare,
331 2187 392 2231 ut
414 2182 514 2231 tibi
536 2183 741 2231 omnino
763 2200 867 2232 non
893 2184 1249 2250 perpercerim.
1320 2185 1450 2235 Cum
1486 2187 1581 2243 hoc

89 2279 265 2311 vereor
287 2267 340 2312 et
363 2262 513 2327 cupio
535 2262 636 2311 tibi
657 2262 831 2327 aliqua
854 2279 918 2312 ex
948 2268 1111 2328 parte,
1137 2265 1274 2329 quod
1311 2265 1455 2315 salva
1482 2267 1581 2315 fide

90 2343 294 2407 possim,
319 2359 538 2407 parcere,
563 2359 741 2391 rursus
776 2342 994 2392 immuto
1030 2344 1355 2393 voluntatem
1387 2362 1551 2394 meam
1566 2366 1580 2404 ;

91 2422 237 2471 venit
273 2422 409 2471 enim
446 2422 576 2470 mihi
615 2422 672 2470 in
710 2427 934 2471 mentem
973 2423 1073 2472 oris
1113 2424 1209 2473 tui.
1280 2425 1433 2483 Tene,
1467 2441 1583 2474 cum

92 2503 250 2552 ceteri
284 2502 408 2552 socii
443 2503 524 2551 tui
564 2503 805 2567 fugerent
842 2520 900 2552 ac
935 2520 989 2554 86
1027 2505 1358 2564 occultarent,
1390 2510 1452 2554 ut
1487 2506 1584 2555 hoc

93 2583 339 2631 iudicium
373 2599 477 2632 non
513 2582 574 2632 <le
602 2582 809 2631 illorum
831 2584 1034 2648 praeda,
1059 2585 1146 2633 sed
1169 2585 1230 2633 de
1253 2584 1408 2634 huius
1431 2586 1585 2635 male-

94 2663 208 2713 ficio
253 2663 360 2713 fieri
404 2663 680 2724 videretur,
726 2663 1048 2730 potissimum
1094 2665 1195 2714 tibi
1240 2670 1412 2730 partes
1458 2667 1585 2717 istas

1292 2748 1387 2795 1>2
