1832 2970
576 93 663 134 PRO
699 92 859 127 Roscio
895 91 1134 127 ΑΜΕωΝο.
1551 80 1613 124 55

110 208 328 275 Nepotis
383 207 591 273 sorore,]
647 207 1022 273 spectatissima
1066 206 1274 265 femina,
1322 220 1453 270 quae
1499 220 1615 254 cum

110 295 310 354 patrem
351 287 704 347 clarissimum,
747 287 1088 352 amplissimos
1132 291 1362 351 patruos,
1398 283 1615 334 ornatis-

108 370 299 418 simum
335 369 548 417 fratrem
587 366 818 426 haberet,
856 371 1045 427 tamen,
1084 382 1203 415 cum
1242 369 1377 416 esset
1412 364 1616 426 mulier,

109 449 310 498 virtute
343 447 570 512 perfecit,
606 452 668 495 ut
702 451 897 511 quanto
933 445 1126 496 honore
1162 446 1275 510 ipsa
1310 462 1375 494 ex
1409 445 1616 494 illorum

108 528 369 592 dignitate
393 527 711 585 adficeretur,
737 543 841 575 non
869 527 1068 575 minora
1091 525 1199 574 illis
1230 529 1531 574 ornamenta
1554 540 1618 573 ex

109 625 204 658 sua
233 607 385 657 laude
414 607 663 656 redderet.
732 607 819 655 LI.
846 607 932 654 An
954 606 1094 670 quod
1131 605 1411 669 diligenter
1445 605 1618 655 defen-
1638 601 1730 650 148

108 688 267 747 ditur,
283 687 339 736 id
362 686 462 736 tibi
485 687 759 751 indignum
778 686 979 735 facinus
993 686 1237 735 videtur?
1293 684 1428 732 Mihi
1451 685 1615 742 crede,

108 768 156 816 si
177 785 270 832 pro
292 767 457 833 patris
484 766 641 816 huius
669 766 911 830 hospitiis
939 770 992 814 et
1019 765 1191 830 gratia
1214 764 1415 813 vellent
1442 780 1616 813 omnes

108 848 232 897 huic
275 847 505 912 hospites
544 848 719 896 adesse
759 851 812 895 et
847 847 1098 896 auderent
1131 845 1294 895 libere
1328 845 1615 904 defendere,

109 928 237 977 satis
266 928 466 992 copiose
494 926 890 978 defenderetur:
928 926 1010 975 sin
1038 930 1211 975 autem
1239 942 1333 991 pro
1356 925 1617 990 magnitu-

110 1009 232 1058 dine
255 1008 476 1057 iniuriae
500 1024 694 1072 proque
723 1023 796 1067 eo,
821 1007 959 1071 quod
990 1022 1188 1055 summa
1215 1022 1297 1055 res
1329 1007 1538 1070 publica
1560 1006 1616 1054 in

109 1089 266 1137 huius
312 1088 540 1153 periculo
587 1091 837 1145 tentatur,
883 1086 1008 1135 haec
1053 1102 1228 1135 omnes
1276 1086 1616 1145 vindicarent,

112 1168 389 1218 consistere
412 1185 494 1217 me
521 1167 730 1216 hercule
755 1167 903 1216 vobis
933 1167 1033 1216 isto
1056 1167 1112 1215 in
1135 1167 1245 1216 loco
1275 1183 1380 1215 non
1410 1166 1615 1218 liceret:

110 1264 250 1296 nunc
302 1248 380 1296 ita
433 1247 747 1305 defenditur,
793 1263 899 1296 non
953 1263 1076 1295 sane
1121 1251 1182 1295 ut
1227 1247 1440 1296 moleste
1485 1247 1617 1295 ferre

110 1326 395 1376 adversarii
442 1327 664 1375 debeant
710 1342 875 1390 neque
920 1331 982 1374 ut
1022 1343 1074 1375 se
1115 1326 1350 1391 potentia
1386 1327 1618 1391 superari

109 1411 313 1471 putent.
384 1407 523 1465 Quae
547 1406 686 1455 domi
715 1406 939 1470 gerenda
966 1410 1102 1463 sunt,
1129 1422 1189 1455 ea
1218 1423 1311 1471 per
1343 1405 1616 1456 Caeciliam
1637 1407 1727 1457 149

109 1486 503 1551 transiguntur;
540 1485 640 1535 fori
667 1485 948 1549 iudiciique
975 1486 1228 1535 rationem
1263 1486 1334 1536 Μ.
1359 1486 1613 1546 Messalla,

108 1571 170 1615 ut
193 1566 399 1624 videtis,
427 1566 636 1623 iudices,
662 1566 913 1630 suscepit:
950 1565 1042 1630 qui
1069 1566 1115 1615 si
1141 1566 1245 1615 iam
1273 1566 1399 1615 satis
1430 1567 1616 1624 aetatis

107 1664 166 1697 ac
188 1647 384 1697 roboris
405 1646 633 1705 haberet,
649 1647 760 1711 ipse
783 1664 876 1711 pro
901 1648 1015 1697 SeX.
1032 1648 1212 1698 Roscio
1236 1648 1457 1698 diceret:
1493 1666 1615 1713 quo-

106 1727 248 1776 niam
278 1727 343 1775 ad
374 1727 648 1776 dicendum
679 1727 1047 1791 impedimento
1076 1732 1155 1777 est
1183 1733 1322 1777 aetas
1350 1733 1405 1778 et
1434 1730 1613 1794 pudor,

104 1807 200 1870 qui
230 1811 380 1856 ornat
420 1811 657 1865 aetatem,
689 1823 892 1856 causam
925 1807 1053 1856 mihi
1081 1808 1314 1868 tradidit,
1340 1825 1492 1873 quem
1522 1826 1614 1864 sua

104 1903 260 1935 causa
304 1903 487 1951 cupere
524 1903 582 1934 ac
621 1887 803 1935 debere
848 1887 1215 1952 intellegebat:
1251 1889 1363 1954 ipse
1398 1891 1614 1940 assidui-

107 1969 233 2023 tate,
260 1965 487 2023 consilio,
513 1965 837 2023 auctoritate,
865 1967 1137 2031 diligentia
1159 1969 1391 2033 perfecit,
1412 1975 1474 2019 ut
1498 1970 1612 2022 Sex.

108 2044 282 2094 Roscii
311 2044 437 2103 vita,
461 2050 637 2109 erepta
672 2046 734 2094 de
766 2047 1004 2097 manibus
1036 2053 1304 2109 sectorum,
1339 2054 1613 2104 sententiis

106 2125 338 2175 iudicum
369 2126 773 2190 permitteretur.
844 2128 1117 2189 Nimirum,
1150 2130 1358 2192 iudices,
1391 2150 1485 2198 pro
1516 2134 1612 2184 hac

106 2207 382 2257 nobilitate
404 2223 523 2272 pars
546 2208 768 2256 maxima
799 2209 1029 2259 civitatis
1050 2210 1108 2259 in
1131 2212 1287 2262 armis
1318 2214 1421 2263 fuit
1440 2235 1451 2272 ;
1469 2224 1471 2226 ’
1487 2214 1612 2265 haec

107 2291 222 2335 acta
243 2303 323 2335 res
348 2290 440 2348 est,
459 2291 522 2335 ut
543 2286 585 2336 ii
607 2288 804 2338 nobiles
821 2290 1222 2340 restituerentur
1245 2292 1302 2343 in
1327 2293 1609 2357 civitatem,

107 2367 199 2430 qui
221 2366 317 2416 hoc
340 2367 583 2426 facerent,
608 2369 744 2431 quod
768 2369 933 2418 facere
958 2370 1251 2421 Messallam
1287 2374 1493 2434 videtis,
1518 2376 1611 2440 qui

106 2451 263 2511 caput
295 2447 589 2496 innocentis
626 2448 971 2507 defenderent,
1011 2452 1102 2514 qui
1150 2452 1370 2503 iniuriae
1406 2455 1610 2507 resiste-

105 2531 239 2584 rent,
263 2526 369 2590 qui,
396 2532 651 2591 quantum
678 2535 900 2592 possent,
925 2530 982 2578 in
1006 2532 1174 2581 salute
1204 2533 1421 2583 alterius
1451 2552 1607 2600 quam

104 2606 160 2654 in
202 2606 361 2656 exitio
406 2607 625 2658 mallent
672 2609 965 2659 ostendere:
1015 2612 1153 2675 quod
1197 2612 1243 2661 si
1279 2629 1467 2676 omnes,
1514 2615 1608 2681 qui

103 2685 279 2734 eodem
301 2685 410 2735 loco
441 2687 555 2736 nati
578 2693 713 2748 sunt,
731 2689 972 2748 facerent,
998 2696 1051 2740 et
1074 2708 1154 2740 res
1182 2692 1390 2757 publica
1413 2696 1608 2747 ex-illis

103 2770 155 2816 et
179 2765 280 2830 ipsi
304 2782 366 2815 ex
389 2766 591 2816 invidia
615 2768 786 2818 minus
807 2769 1118 2821 laborarent.
