1832 2970
239 133 303 180 40
698 146 786 180 PRO
820 145 979 181 Rosc1o
1011 145 1249 181 numum.

238 263 354 313 istis
405 263 565 322 bonis,
611 263 798 327 quibus
847 267 1045 327 partem
1095 263 1457 328 Chrysogonus
1501 262 1729 311 dederit?

239 345 339 392 duo
376 344 560 393 Roscii.
642 343 778 392 Num
816 344 1087 407 quisquam
1126 346 1419 408 praeterea?
1452 359 1599 392 nemo
1635 347 1727 399 est,

238 423 445 472 iudices.
514 423 652 472 Num
683 439 805 487 ergo
836 423 1052 471 dubium
1082 428 1175 481 est,
1205 424 1333 487 quin
1369 423 1409 471 ii
1445 421 1729 471 obtulerint

238 501 371 551 hanc
392 503 631 567 praedam
656 502 1000 567 Chrysogono,
1019 503 1111 567 qui
1132 504 1197 552 ab
1219 520 1277 552 eo
1294 508 1493 568 partem
1516 502 1731 567 praedae

237 581 472 630 tulerunt
488 584 509 630 ⁴?

127 670 219 719 108
307 666 421 730 Age
442 683 580 716 nunc
603 683 668 716 ex
689 667 853 732 ipsius
877 666 1200 732 Chrysogoni
1221 667 1411 716 iudicio
1434 667 1731 716 Rosciorum

240 745 435 794 factum
457 746 844 795 consideremus.
914 746 969 796 Si
990 747 1126 795 nihil
1147 747 1204 796 in
1226 747 1328 796 ista
1349 763 1525 812 pugna
1548 745 1731 802 Roscii,

241 825 376 888 quod
399 841 579 890 operae
601 827 825 890 pretium
848 816 995 885 esset,
1015 827 1255 885 fecerant,
1274 843 1428 891 quam
1446 826 1509 874 ob
1532 841 1734 874 causam

240 921 271 953 a
295 904 624 968 Chrysogono
646 906 808 954 tantis
832 906 1071 969 praemiis
1099 906 1454 954 donabantur?
1521 904 1577 955 Si
1598 904 1735 952 nihil

241 984 384 1032 aliud
411 985 643 1033 fecerunt
669 985 772 1033 nisi
802 1001 910 1033 rem
941 985 1254 1042 detulerunt,
1277 1000 1448 1033 nonne
1475 984 1601 1033 satis
1632 984 1736 1031 fuit

240 1062 306 1110 iis
340 1062 534 1125 gratias
567 1063 688 1126 agi?
721 1063 955 1126 denique,
984 1067 1046 1110 ut
1075 1063 1450 1127 perliberaliter
1481 1066 1735 1127 ageretur,

241 1141 447 1190 honoris
492 1141 689 1205 aliquid
733 1142 944 1190 haberi?
1013 1142 1118 1192 Cur
1161 1143 1264 1190 tria
1307 1142 1516 1207 praedia
1560 1146 1737 1191 tantae

243 1220 488 1284 pecuniae
519 1221 698 1269 statim
729 1220 969 1285 Capitoni
995 1222 1219 1270 dantur?
1252 1237 1358 1280 cur,
1382 1238 1513 1285 quae
1539 1222 1738 1285 reliqua

243 1304 381 1358 sunt,
410 1299 510 1348 iste
544 1300 604 1348 Τ.
641 1301 852 1350 Roscius
888 1301 1059 1349 omnia
1094 1317 1210 1350 cum
1241 1300 1572 1366 Chrysogono
1607 1318 1738 1350 com·

243 1378 469 1426 muniter
504 1379 763 1443 possidet?
831 1380 1015 1428 Nonne
1045 1380 1371 1444 perspicuum
1401 1385 1493 1438 est,
1529 1380 1737 1437 iudices,

243 1457 336 1506 has
358 1458 627 1508 manubias
658 1459 854 1508 Rosciis
886 1459 1278 1523 Chrysogonum
1308 1476 1364 1509 re
1393 1460 1602 1524 cognita
1624 1476 1739 1509 con-

132 1536 221 1584 109
245 1538 483 1587 cessisse?
548 1538 867 1588 XXXVIII.
892 1538 1052 1588 Venit
1074 1539 1131 1587 in
1153 1539 1325 1587 decem
1341 1540 1522 1604 primis
1536 1540 1739 1605 legatus

243 1617 302 1666 in
325 1623 491 1667 castra
522 1617 719 1682 Capito.
789 1619 973 1667 Totam
999 1618 1178 1677 vitam,
1206 1624 1445 1667 naturam
1476 1636 1740 1683 moresque

243 1697 467 1746 hominis
506 1714 570 1746 ex
598 1699 721 1762 ipsa
756 1698 1013 1762 legatione
1052 1699 1355 1763 cognoscite.
1426 1700 1542 1748 Nisi
1587 1700 1740 1748 intel-

244 1777 488 1836 lexeritis,
525 1778 732 1836 iudices,
769 1778 973 1826 nullum
1009 1795 1116 1827 esse
1151 1779 1383 1837 officium,
1420 1780 1623 1828 nullum
1658 1780 1740 1828 ius

245 1861 353 1904 tam
383 1861 618 1905 sanctum
650 1862 806 1921 atque
832 1858 1111 1922 integrum,
1143 1859 1280 1922 quod
1307 1875 1411 1907 non
1437 1860 1546 1907 eius
1578 1859 1741 1907 scelus

246 1940 401 1999 atque
423 1936 635 1999 perfidia
649 1937 857 1986 violarit
879 1942 932 1986 et
954 1937 1286 1995 imminuerit,
1303 1938 1473 1985 virum
1491 1938 1741 2002 optimum

135 2017 224 2066 110
247 2031 353 2064 0880
389 2031 506 2064 011111
542 2015 836 2066 iudicatote.
906 2017 1281 2081 Impedimento
1317 2022 1396 2066 est
1435 2034 1535 2082 quo
1571 2018 1742 2066 minus

247 2098 310 2146 de
349 2097 431 2146 his
469 2098 622 2147 rebus
662 2098 808 2148 Sulla
843 2099 1096 2157 doceatur,
1135 2103 1418 2148 ceterorum
1455 2100 1741 2164 legatorum

248 2177 459 2226 consilia
485 2181 539 2226 et
567 2177 887 2226 voluntatem
918 2179 1253 2243 Chrysogono
1284 2179 1538 2237 enuntiat,
1571 2185 1741 2228 monet

249 2261 309 2305 ut
358 2256 640 2320 provideat,
686 2273 752 2305 110
805 2258 976 2321 palam
1024 2274 1106 2307 res
1158 2262 1358 2323 agatur,
1413 2259 1651 2316 ostendit,
1698 2260 1741 2307 si

249 2336 453 2386 sublata
513 2336 583 2386 sit
649 2336 881 2385 venditio
947 2337 1211 2396 bonorum,
1269 2337 1420 2386 illum
1475 2338 1743 2401 pecuniam

251 2416 496 2480 grandem
540 2415 859 2474 amissurum,
907 2433 1012 2465 sese
1065 2417 1248 2480 capitis
1301 2417 1584 2481 periculum
1638 2417 1743 2464 adi-

250 2503 454 2543 turum:
490 2494 640 2542 illum
685 2510 875 2552 acuere,
917 2494 1023 2552 hos,
1070 2496 1160 2559 qui
1205 2495 1360 2544 simul
1398 2500 1546 2544 erant
1582 2495 1741 2553 missi,

251 2573 456 2630 fallere3
492 2573 641 2621 illum
686 2573 967 2621 identidem
1011 2591 1214 2624 monere
1253 2579 1315 2624 ut
1353 2579 1569 2633 caveret,
1605 2575 1744 2622 hisce

250 2652 490 2700 insidiose
513 2669 654 2716 spem
680 2652 858 2700 falsam
881 2654 1172 2711 ostendere;
1207 2670 1324 2702 cum
1345 2654 1437 2702 illo
1454 2659 1628 2702 contra
1650 2653 1744 2702 hos

253 2731 384 2781 inire
430 2733 655 2794 consilia,
690 2733 871 2782 horum
909 2734 1119 2782 consilia
1164 2734 1246 2790 illi
1291 2734 1591 2794 enuntiare3
1629 2751 1743 2783 cum
