1832 2970
243 83 307 129 20
716 97 804 130 Pno
839 97 999 131 Roscto
1032 98 1267 134 AMERmo.

241 190 471 259 nostrum
507 215 598 268 est,
634 211 804 268 Eruci,
828 211 955 275 quin
986 212 1113 261 sciat
1149 214 1250 261 tibi
1287 213 1585 263 inimicitias
1618 232 1731 264 cum

242 289 354 339 Sex.
380 290 558 338 Roscio
580 290 748 338 nullas
773 307 906 348 esse;
942 291 1122 340 vident
1145 309 1329 351 omnes,
1354 310 1456 356 qua
1495 294 1557 342 de
1586 310 1733 343 causa

240 369 363 416 huic
408 368 650 417 inimicus
685 370 890 418 venias:
949 371 1118 419 sciunt
1163 371 1376 420 huiusce
1421 373 1636 436 pecunia
1681 379 1733 422 te

242 448 521 496 adductum
551 464 672 496 esse.
741 448 875 506 Quid
900 465 1020 513 ergo
1043 453 1158 498 est?
1191 451 1266 498 ita
1295 456 1469 499 tamen
1492 457 1734 514 quaestus

241 531 295 574 te
318 527 561 591 cupidum
584 544 691 576 esse
715 529 996 592 oportebat,
1014 534 1075 577 ut
1096 529 1282 579 horum
1304 531 1734 579 existimationem

241 611 294 654 et
316 606 481 670 legem
504 608 785 656 Remmiam
808 613 1014 672 putares
1037 609 1236 672 aliquid
1259 611 1430 659 valere
1454 616 1699 674 oportere.

307 686 430 734 XX.
465 688 797 736 Accusatores
819 687 1012 737 multos
1034 705 1143 737 esse
1170 689 1226 737 in
1250 689 1464 738 civitate
1486 690 1616 738 utile
1640 696 1732 748 est,

241 770 302 813 ut
332 771 474 814 metu
509 765 834 815 contineatur
867 767 1106 826 audacia3
1142 773 1496 818 verumtamen
1531 770 1625 818 hoc
1658 770 1735 818 ita

242 850 320 894 est
356 846 501 904 utile,
539 852 600 894 ut
627 863 692 895 ne
728 847 881 911 plane
920 847 1218 896 inludamur
1250 849 1316 896 ab
1338 850 1731 897 accusatoribus.

242 928 493 976 Innocens
550 932 628 976 est
677 927 950 992 quispiam,
996 933 1366 987 verumtamen,
1423 946 1731 993 quamquam

242 1008 385 1055 abest
409 1023 438 1054 a
462 1007 625 1070 culpa,
651 1007 938 1071 suspicione
978 1012 1152 1056 tamen
1185 1025 1289 1056 non
1323 1014 1491 1057 caret:
1527 1012 1734 1058 tametsi

241 1086 483 1134 miserum
520 1090 611 1143 est,
648 1090 821 1134 tamen
861 1086 924 1146 ei,
965 1087 1055 1149 qui
1090 1086 1229 1135 hunc
1273 1093 1489 1146 accuset,
1529 1106 1734 1153 possum

242 1165 416 1229 aliquo
439 1165 586 1213 modo
609 1165 887 1228 ignoscere.
960 1165 1092 1215 Cum
1131 1166 1269 1215 enim
1305 1167 1504 1230 aliquid
1530 1168 1733 1226 habeat,

243 1246 378 1308 quod
414 1245 576 1308 possit
613 1244 880 1293 criminose
917 1261 976 1293 ac
1021 1234 1296 1309 suspiciose
1341 1246 1522 1304 dicere,
1560 1253 1735 1311 aperte

161 1327 218 1376 56
241 1325 496 1373 ludificari
519 1329 571 1372 et
595 1325 897 1372 calumniari
925 1325 1091 1373 sciens
1118 1341 1222 1374 non
1244 1326 1496 1374 videatur.
1568 1329 1735 1384 Quare

241 1404 391 1453 facile
414 1421 585 1452 omnes
603 1404 831 1468 patimur
850 1421 955 1453 esse
970 1422 1122 1468 quam
1138 1405 1385 1469 plurimos
1403 1412 1733 1466 accusatores,

241 1485 377 1548 quod
431 1483 688 1542 innocens,
736 1484 780 1531 si
836 1488 1102 1532 accusatus
1158 1490 1250 1542 est,
1297 1486 1495 1534 absolvi
1551 1491 1733 1550 potest,

241 1579 442 1622 nocens,
466 1562 570 1611 nisi
590 1566 856 1611 accusatus
875 1563 1049 1621 fuerit,
1070 1564 1397 1612 condemnari
1414 1582 1518 1613 non
1534 1570 1732 1630 potest:

241 1643 425 1692 utilius
447 1647 525 1692 est
547 1646 719 1691 autem
734 1642 931 1690 absolvi
953 1643 1275 1691 innocentem
1293 1659 1447 1706 quam
1469 1651 1735 1693 nocentem

244 1740 446 1771 causam
484 1738 587 1770 non
628 1722 808 1770 dicere.
878 1722 1162 1770 Anseribus
1202 1723 1393 1771 cibaria
1427 1725 1629 1787 publice
1663 1726 1735 1773 lo-

243 1807 427 1852 cantur
449 1807 502 1851 et
525 1819 672 1851 canes
704 1802 918 1849 aluntur
951 1803 1008 1850 in
1044 1802 1316 1867 Capitolio,
1340 1810 1402 1852 ut
1425 1806 1733 1869 significent,

242 1883 288 1931 si
312 1883 449 1930 fures
463 1882 717 1931 venerint.
775 1882 848 1929 At
863 1882 1002 1930 fures
1016 1883 1358 1932 internoscere
1374 1900 1477 1932 non
1491 1892 1705 1949 possunt
1722 1906 1732 1935 :

244 1963 541 2027 significant
574 1967 761 2020 tamen,
787 1962 831 2010 si
860 1962 951 2025 qui
982 1966 1138 2012 noctu
1166 1963 1223 2010 in
1248 1963 1562 2028 Capitolium
1583 1982 1734 2015 vene-

244 2047 384 2101 runt,
404 2047 456 2091 et
480 2042 602 2105 quia
619 2041 674 2089 id
693 2046 770 2089 est
788 2041 1139 2105 suspiciosum,
1155 2044 1362 2092 tametsi
1385 2045 1578 2094 bestiae
1595 2051 1732 2104 sunt,

245 2130 417 2173 tamen
440 2124 496 2171 in
520 2140 630 2171 eam
662 2128 861 2186 partem
898 2123 1069 2186 potius
1110 2129 1337 2188 peccant,
1362 2142 1491 2189 quae
1514 2131 1592 2174 est
1618 2143 1734 2175 cau-

245 2204 362 2252 tior.
431 2203 621 2262 Quodsi
657 2203 770 2250 luce
808 2219 1009 2266 quoque
1046 2220 1194 2252 canes
1231 2205 1439 2264 latrent,
1464 2223 1579 2255 cum
1613 2208 1731 2256 deos

245 2284 527 2333 salutatum
559 2282 721 2346 aliqui
748 2282 1002 2340 venerint,
1027 2284 1222 2347 opinor,
1257 2285 1324 2333 iis
1355 2301 1502 2334 crura
1529 2286 1712 2334 suffrin

246 2367 451 2427 gantur,
470 2361 605 2425 quod
623 2377 761 2409 acres
779 2361 885 2408 sint
902 2361 1057 2408 etiam
1075 2367 1202 2421 tum,
1220 2380 1334 2411 cum
1353 2363 1572 2427 suspicio
1585 2365 1731 2413 nulla

162 2446 222 2501 57
245 2443 329 2492 sit.
398 2441 670 2492 Simillima
692 2444 770 2489 est
793 2445 1142 2489 accusatorum
1163 2443 1310 2491 ratio.
1378 2443 1487 2490 Alii
1501 2448 1724 2493 vestrum

245 2539 447 2572 anseres
482 2525 617 2579 sunt,
643 2520 734 2584 qui
770 2522 1124 2569 tantummodo
1164 2522 1402 2579 clamant,
1426 2538 1606 2571 nocere
1627 2540 1727 2571 non

245 2607 472 2667 possunt,
497 2602 588 2650 alii
611 2616 772 2657 canes,
789 2600 878 2663 qui
893 2603 946 2647 et
969 2599 1159 2648 latrare
1174 2605 1227 2649 et
1248 2601 1477 2649 mordere
1500 2607 1725 2666 possunt.

248 2682 454 2730 Cibaria
475 2681 621 2729 vobis
652 2679 883 2727 nraeberi
906 2678 1165 2737 videmus„
1178 2697 1269 2729 vos
1304 2686 1475 2730 autem
1508 2681 1725 2732 maxime
