1832 2970
307 55 372 103 34
767 67 854 101 PRO
889 67 1047 101 Roscm
1080 65 1316 102 musmo,

305 199 439 232 mam
477 199 648 231 rerum
685 182 1093 241 administrabat,
1131 187 1280 232 erant
1316 182 1526 242 interea,
1565 185 1657 249 qui
1692 184 1800 235 suis

307 262 610 311 vulneribus
646 262 987 321 mederentur,
1016 262 1123 327 qui,
1150 267 1414 327 tamquam
1451 263 1495 312 si
1531 265 1692 314 offusa
1726 266 1802 315 rei

307 342 541 406 publicae
579 341 888 407 sempiterna
916 358 1020 401 nox
1049 346 1195 403 esset,
1219 342 1296 391 ita
1325 343 1544 391 mebant
1574 343 1631 391 in
1661 349 1798 395 tene-

307 422 414 471 bris
450 422 719 486 omniaque
754 422 1064 472 miscebant:
1103 438 1134 470 a
1156 422 1344 486 quibus
1380 424 1553 483 miror,
1578 441 1642 474 ne
1665 427 1803 489 quod

307 501 613 550 iudiciorum
653 506 786 550 esset
825 501 1122 567 vestigium,
1164 518 1267 551 non
1314 503 1556 552 subsellia
1600 521 1802 569 quoque

308 598 416 630 esse
440 582 728 640 combusta,
752 598 872 630 nam
890 586 944 630 et
960 586 1275 631 accusatores
1298 587 1352 631 et
1374 582 1567 632 iudices
1586 585 1804 634 sustule-

308 666 449 711 runt.
500 662 613 711 Hoc
631 662 878 711 commodi
901 666 995 721 est,
1020 662 1157 726 quod
1179 662 1256 711 ita
1277 662 1536 720 vixerunt,
1561 667 1622 711 ut
1646 668 1804 713 testes

309 757 495 801 omnes,
537 741 582 791 si
621 747 880 807 cuperent,
922 741 1210 792 interficere
1255 758 1356 790 non
1396 747 1631 806 possent:
1683 758 1803 790 nam

309 820 432 869 dum
450 820 715 869 hominum
734 837 896 885 genus
914 820 1029 879 erit,
1054 820 1146 884 qui
1169 826 1370 869 accuset
1393 837 1476 870 eos
1498 837 1602 870 non
1625 821 1803 878 deerit,

309 900 432 948 dum
472 899 656 948 civitas
695 899 809 958 erit,
850 899 1042 948 iudicia
1087 899 1230 948 fient.
1300 899 1509 957 Verum,
1557 905 1617 947 ut
1662 899 1804 964 coepi

309 978 488 1037 dicere,
531 983 584 1027 et
623 979 841 1027 Erucius
876 978 1002 1027 haec
1039 979 1084 1027 si
1119 978 1333 1026 haberet
1372 978 1429 1026 in
1468 995 1633 1036 causa,
1673 995 1804 1043 quae

308 1057 710 1115 commemoravi,
735 1061 908 1121 posset
930 1073 989 1106 ea
1012 1057 1251 1121 quamvis
1275 1057 1366 1105 diu
1398 1057 1578 1116 dicere,
1603 1062 1657 1106 et
1693 1075 1802 1122 ego,

307 1137 513 1195 iudices,
538 1153 757 1202 possum,
783 1137 870 1185 sed
904 1136 961 1184 in
998 1136 1169 1184 animo
1206 1140 1298 1194 est,
1324 1152 1476 1200 quem
1499 1137 1566 1185 ad
1596 1137 1803 1185 modum

309 1222 429 1266 ante
474 1217 599 1276 dixi,
644 1216 832 1265 leviter
889 1215 1110 1265 transire
1167 1232 1226 1264 ac
1284 1217 1638 1265 tantummodo
1693 1233 1805 1281 per-

308 1299 563 1363 stringere
598 1314 1011 1362 unamquamque
1047 1313 1169 1356 rem,
1194 1302 1256 1345 ut
1292 1314 1464 1347 omnes
1494 1298 1803 1362 intellegant

308 1396 388 1428 me
411 1395 514 1427 non
537 1379 710 1428 studio
733 1394 983 1437 accusare,
1008 1378 1097 1426 sed
1121 1378 1281 1427 officio
1306 1377 1590 1427 defendere.

222 1455 288 1504 92
375 1459 643 1508 XXXIII.
678 1459 841 1509 Video
858 1458 1023 1523 igitur
1040 1474 1216 1506 causas
1233 1474 1340 1506 esse
1357 1456 1652 1522 permultas,
1674 1474 1804 1522 quae

308 1540 469 1587 istum
504 1538 857 1603 impellerent:
893 1537 1157 1586 videamus
1180 1553 1334 1595 nunc,
1358 1553 1546 1600 ecquae
1584 1537 1803 1595 facultas

311 1618 622 1683 suscipiendi
657 1617 896 1666 maleficii
936 1617 1109 1665 fuerit.
1192 1615 1299 1665 Ubi
1338 1616 1530 1664 occisus
1570 1621 1648 1664 est
1689 1615 1802 1664 Sex.

311 1699 556 1747 Roscius?
609 1697 854 1746 ‘Romae’
925 1696 1061 1755 Quid
1099 1701 1174 1754 tu,
1214 1695 1275 1743 T.
1317 1695 1501 1743 Rosci?
1547 1695 1638 1742 ubi
1678 1700 1804 1744 tunc

312 1781 458 1828 eras?
525 1785 536 1805 ‘
554 1779 743 1827 Romae
764 1796 774 1826 z
808 1793 988 1824 verum
1012 1775 1137 1839 quid
1160 1775 1223 1823 ad
1246 1777 1388 1824 rem?
1428 1779 1480 1823 et
1503 1775 1594 1823 alii
1616 1775 1802 1823 multi.'

313 1858 471 1916 Quasi
518 1874 656 1906 nunc
694 1857 749 1904 id
788 1860 987 1920 agatur,
1026 1855 1142 1918 quis
1181 1871 1244 1903 ex
1281 1858 1429 1902 tanta
1467 1853 1803 1902 multitudine

312 1937 566 1996 occiderit,
591 1953 648 1985 ac
671 1953 775 1985 non
796 1936 892 1984 hoc
915 1938 1207 1999 quaeratur,
1231 1950 1361 1991 eum,
1387 1933 1478 1997 qui
1509 1934 1698 1982 Romae
1733 1934 1804 1982 sit

313 2017 518 2075 occisus,
543 2021 721 2064 utrum
757 2016 867 2063 veri
904 2015 1124 2064 similius
1161 2014 1229 2062 sit
1265 2014 1330 2062 ab
1358 2029 1415 2062 eo
1438 2029 1544 2063 esse
1567 2014 1801 2074 occisum,

313 2097 404 2160 qui
440 2097 675 2145 assiduus
698 2112 755 2144 eo
778 2099 1006 2159 tempore
1029 2095 1218 2143 Romae
1241 2092 1413 2151 fuerit,
1438 2109 1505 2141 an
1527 2093 1593 2142 ab
1615 2109 1687 2152 eo,
1712 2094 1803 2157 qui

227 2174 290 2221 93
313 2175 492 2223 multis
529 2174 678 2222 annis
714 2175 926 2222 Romam
963 2173 1169 2222 omnino
1205 2188 1308 2221 non
1342 2172 1621 2222 accesserit.
1690 2174 1803 2238 Age

313 2271 450 2303 nunc
473 2259 663 2302 ceteras
687 2270 889 2317 quoque
913 2253 1184 2302 facultates
1221 2251 1606 2301 consideremus.
1674 2251 1804 2300 Erat

315 2339 426 2383 tum
462 2333 742 2381 multitudo
779 2332 1089 2391 sicariorum,
1127 2331 1182 2380 id
1220 2331 1355 2395 quod
1391 2332 1803 2380 commemoravit

314 2414 546 2473 Erucius,
585 2418 637 2462 et
672 2412 901 2460 homines
938 2412 1148 2477 impune
1188 2410 1563 2460 occidebantur.
1634 2409 1803 2468 Quid?

314 2511 374 2544 ea
409 2493 689 2543 multitudo
712 2509 842 2556 quae
865 2494 1009 2541 erat?
1075 2490 1282 2555 Opinor,
1307 2493 1398 2537 aut
1419 2505 1608 2548 eorum,
1632 2489 1723 2553 qui
1745 2490 1802 2538 in

313 2573 461 2623 bonis
483 2576 630 2621 erant
653 2571 899 2634 occupati,
924 2575 1014 2619 aut
1037 2586 1225 2629 eorum,
1251 2570 1341 2634 qui
1363 2570 1428 2618 ab
1458 2569 1523 2617 iis
1559 2570 1802 2619 conduce-

314 2653 519 2709 bantur,
558 2655 619 2699 ut
658 2649 882 2713 aliquem
919 2649 1217 2699 occiderent.
1299 2648 1355 2698 Si
1393 2664 1476 2696 eos
1509 2652 1664 2712 putas
1711 2648 1804 2713 qui

315 2732 538 2780 alienum
575 2730 897 2794 adpetebant,
922 2734 980 2778 tu
1005 2747 1057 2779 es
1078 2729 1135 2779 in
1166 2745 1223 2778 eo
1253 2745 1478 2787 numero,
1503 2728 1595 2792 qui
1629 2733 1805 2778 nostra
