1832 2970
540 76 629 112 vno
664 76 823 111 Roscio
861 75 1098 111 AMEmNo.
1524 66 1554 111 5

57 196 150 247 hoc
175 201 400 260 tempore
424 193 703 258 impertias.
736 191 737 194 ’
763 193 824 243 V.
865 194 1068 251 Quanta
1092 193 1374 242 multitudo
1395 192 1557 242 homi·
1579 195 1631 242 11

58 292 186 324 num
231 273 524 325 convenerit
563 274 628 321 ad
664 273 759 321 hoc
797 273 1060 331 iudicium,
1104 274 1274 322 vides:
1322 289 1453 337 quae
1490 273 1559 321 sit

61 355 288 404 omnium
324 353 618 403 mortalium
655 353 985 417 exspectatio,
1029 370 1158 416 quae
1196 353 1454 418 cupiditas
1498 357 1560 401 ut

60 436 198 484 acria
242 451 299 483 ao
343 449 518 482 severa
570 432 762 481 iudicia
819 433 962 491 fiant,
1009 433 1289 497 intellegis.
1382 435 1560 498 Longo

60 515 334 564 intervallo
364 514 613 562 iudicium
644 514 782 561 inter
810 513 1016 561 sicarios
1047 513 1143 561 hoc
1174 514 1398 577 primum
1430 530 1561 562 com-

61 594 306 652 mittitur,
346 610 462 642 cum
502 593 698 642 interea
744 594 918 641 caedes
956 592 1348 656 indignissimae
1400 594 1563 641 maxi-

62 690 274 738 maeque
314 674 479 723 factae
519 679 656 722 sunt.
726 674 912 722 Omnes
953 673 1085 721 hanc
1121 673 1469 736 quaestionem
1510 678 1563 722 te

61 758 292 818 praetore
315 753 605 802 manifestis
628 752 895 801 maleficiis
924 752 1281 816 cotidianoque
1313 752 1563 816 sanguine

61 833 417 898 dignissimam
440 836 650 897 sperant
673 833 918 880 futuram.
989 831 1100 890 Qua
1122 832 1485 880 vociferatione
1508 832 1564 878 in
1588 832 1646 878 12

62 914 242 962 ceteris
271 913 478 962 iudiciis
510 917 826 962 accusatores
855 912 939 961 uti
969 917 1358 971 consueverunt,
1384 929 1443 962 ea
1472 929 1565 961 nos

61 993 158 1042 hoc
179 998 408 1057 tempore
437 993 649 1051 utimur,
676 993 767 1057 qui
798 1009 1002 1041 causam
1032 993 1266 1043 dicimus.
1334 993 1565 1041 Petimus

62 1074 153 1122 abs
198 1078 266 1132 te,
313 1074 385 1122 M.
437 1074 621 1132 Fanni,
668 1090 698 1122 a
742 1074 1004 1137 vobisque,
1051 1074 1260 1132 iudices,
1306 1078 1368 1122 ut
1412 1090 1567 1138 quam

63 1153 306 1202 acerrime
351 1153 601 1201 maleficia
645 1152 936 1212 vindicetis,
983 1158 1044 1201 ut
1090 1166 1245 1219 quam
1291 1153 1567 1202 fortissime

63 1233 357 1282 hominibus
391 1233 746 1282 audacissimis
781 1233 1052 1292 resistatis,
1088 1239 1150 1282 ut
1183 1235 1279 1282 hoc
1314 1234 1565 1298 cogitetis,

63 1315 167 1363 nisi
188 1314 244 1362 in
275 1314 371 1362 hac
401 1330 566 1372 causa,
601 1314 692 1377 qui
723 1318 896 1363 vester
927 1315 1130 1363 animus
1162 1315 1246 1373 sit,
1272 1315 1567 1373 ostendetis,

63 1411 122 1462 eo
166 1410 495 1459 prorumpere
535 1393 802 1442 hominum
839 1394 1178 1458 cupiditatem
1217 1399 1270 1443 et
1311 1395 1475 1444 scelus
1515 1401 1568 1444 et

65 1474 344 1532 audaciam,
382 1479 444 1522 ut
478 1490 583 1522 non
616 1471 764 1521 modo
796 1473 943 1531 clam,
982 1490 1162 1522 verum
1198 1474 1356 1523 etiam
1392 1475 1477 1524 hic
1512 1476 1568 1523 in

66 1555 190 1612 foro,
235 1558 357 1602 ante
401 1553 636 1601 tribunal
685 1558 851 1611 tuum,
899 1554 970 1602 M.
1018 1554 1203 1613 Fanni,
1251 1560 1372 1604 ante
1416 1556 1570 1620 pedes

66 1641 277 1694 vestros,
314 1635 522 1694 iudices,
556 1635 694 1683 inter
724 1635 838 1698 ipsa
869 1635 1115 1684 subsellia
1152 1636 1327 1684 caedes
1365 1636 1570 1685 futurae

65 1717 187 1765 sint.
256 1716 464 1765 Etenim
501 1716 627 1779 quid
667 1715 811 1763 aliud
845 1716 942 1764 hoc
975 1716 1166 1764 iudicio
1201 1720 1435 1764 tentatur
1467 1717 1571 1764 nisi
1593 1723 1651 1769 13

66 1802 128 1845 ut
149 1797 205 1845 id
227 1797 339 1845 fieri
359 1796 544 1845 liceat?
600 1796 861 1844 Accusant
884 1796 938 1853 ii,
964 1796 1056 1858 qui
1078 1795 1135 1843 in
1158 1795 1391 1844 fortunas
1413 1796 1570 1845 huius

66 1877 385 1935 invaserunt,
411 1893 614 1925 causam
638 1875 766 1923 dicit
793 1875 854 1934 is,
880 1875 964 1923 0111
995 1880 1197 1940 praeter
1224 1876 1570 1926 calamitatem

67 1957 204 2005 nihil
226 1957 576 2019 reliquerunt:
613 1959 856 2005 accusant
878 1955 932 2014 ii,
958 1955 1148 2019 quibus
1179 1956 1340 2004 occidi
1369 1960 1570 2020 patrem

71 2037 186 2087 Sex.
210 2036 381 2084 Roscii
403 2037 534 2084 bono
557 2035 674 2093 fuit,
700 2051 904 2084 causam
939 2035 1066 2098 dicit
1088 2035 1148 2094 is,
1174 2036 1258 2084 0111
1287 2052 1392 2084 non
1422 2038 1570 2085 modo

69 2117 268 2164 luctum
291 2131 426 2163 mors
449 2115 612 2180 patris
634 2115 831 2174 attulit,
856 2132 1038 2164 verum
1070 2116 1228 2164 etiam
1259 2121 1567 2180 egestatem:

70 2201 311 2245 accusant
338 2196 392 2253 ii,
425 2195 516 2259 qui
545 2195 683 2244 hunc
709 2195 882 2260 ipsum
908 2195 1147 2260 iugulare
1176 2212 1371 2245 summe
1402 2198 1571 2262 cupie-

70 2281 210 2334 runt,
239 2292 443 2324 causam
474 2275 601 2324 dicit
626 2275 686 2333 is,
711 2275 803 2339 qui
835 2275 992 2323 etiam
1020 2276 1085 2324 ad
1112 2275 1207 2324 hoc
1237 2276 1410 2340 ipsum
1439 2277 1571 2325 iudi-

71 2356 207 2404 cium
230 2372 347 2404 cum
369 2355 621 2420 praesidio
643 2355 803 2413 venit,
826 2371 892 2403 ne
915 2355 1001 2404 hic
1031 2355 1221 2403 ibidem
1253 2361 1372 2406 ante
1403 2357 1572 2404 oculos

73 2441 267 2485 vestros
290 2435 606 2484 trucidetur:
631 2435 850 2502 denique
873 2440 1115 2483 accusant
1131 2435 1184 2493 ii,
1202 2452 1328 2500 quos
1351 2436 1572 2500 populus

71 2516 249 2580 poscit,
274 2532 477 2564 causam
504 2515 632 2564 dicit
658 2515 717 2573 is,
742 2515 833 2580 qui
863 2531 998 2563 unus
1026 2516 1238 2564 relictus
1269 2533 1334 2565 ex
1362 2516 1570 2566 illorum

71 2596 267 2644 nefaria
301 2596 449 2646 caede
484 2600 658 2644 restat.
727 2595 901 2658 Atque
935 2599 997 2642 ut
1033 2595 1236 2644 facilius
1269 2595 1570 2660 intellegere
1595 2598 1655 2649 14

73 2677 292 2740 possitis,
318 2676 527 2735 iudices,
552 2692 611 2725 ea
642 2691 773 2740 quae
805 2675 941 2723 facta
971 2680 1095 2723 sunt
1127 2675 1422 2740 indigniora
1448 2693 1572 2737 esse,
