1832 2970
538 65 628 102 mo
660 64 820 101 Rosc1o
854 65 1091 100 Amiano,
1491 55 1553 102 33

61 181 278 233 avaritia
313 182 508 232 feratur
539 180 756 230 infestus
790 180 843 229 in
874 198 1002 239 suos,
1040 198 1106 231 an
1141 181 1199 241 is,
1233 181 1323 246 qui
1357 198 1557 246 semper

61 262 135 312 ita
180 261 385 320 vixerit,
429 265 492 309 ut
531 265 802 324 quaestum
847 266 1019 310 nosset
1062 261 1282 319 nullum,
1329 261 1556 310 fructum

59 346 234 392 autem
260 357 376 391 eum
409 339 588 398 solum,
625 347 778 404 quem
811 340 984 390 labore
1021 341 1300 405 peperisset
1315 360 1328 399 3
1366 340 1425 399 is,
1466 339 1558 404 qui

59 421 286 472 omnium
343 425 594 469 sectorum
651 420 1020 469 audacissimus
1088 421 1171 478 sit,
1230 437 1296 468 an
1352 421 1410 481 is,
1466 420 1559 485 qui

61 506 270 567 propter
308 499 406 548 fori
445 499 851 563 iudiciorumque
896 499 1224 548 insolentiam
1269 517 1372 549 non
1411 499 1560 549 modo

61 581 318 638 subsellia,
360 597 541 630 verum
572 580 730 630 etiam
764 581 944 628 urbem
978 580 1144 644 ipsam
1183 580 1557 630 reformidarit:

62 668 328 728 postremo,
370 660 578 718 iudices,
620 660 675 708 id
720 660 856 724 quod
893 661 959 709 ad
996 677 1104 709 rem
1150 676 1263 708 mea
1302 661 1559 708 sententia

60 742 279 790 maxime
303 740 545 804 pertinet,
570 744 749 788 utrum
772 740 1012 789 inimicus
1036 740 1209 805 potius
1233 757 1301 788 an
1323 741 1477 789 filius.

123 821 362 870 XXXII.
415 821 558 870 Haec
595 825 669 878 tu,
695 820 868 878 Eruci,
894 825 974 869 tot
1011 825 1064 869 et
1096 825 1245 869 tanta
1273 819 1319 869 si
1341 825 1560 870 nanctus
1581 819 1641 866 89

57 919 191 952 esses
214 903 271 950 in
294 917 395 960 reo,
417 917 571 965 quam
594 901 686 949 diu
710 901 930 950 diceres!
957 917 1059 965 quo
1077 906 1131 950 te
1149 901 1298 949 modo
1315 901 1558 951 iactares!

58 988 264 1047 tempus
286 982 495 1030 hercule
519 987 572 1030 te
596 981 754 1030 citius
778 998 932 1045 quam
956 981 1122 1030 oratio
1145 981 1399 1031 deficeret.
1469 982 1560 1030 Et-

58 1063 198 1111 enim
234 1062 291 1110 in
328 1061 546 1124 singulis
583 1062 736 1110 rebus
772 1061 884 1110 eius
920 1061 1059 1110 modi
1095 1061 1336 1110 materies
1373 1065 1467 1120 est,
1499 1066 1560 1110 ut

58 1143 169 1191 dies
214 1142 446 1207 singulos
491 1141 654 1206 possis
701 1158 1008 1191 consumere.
1092 1142 1270 1206 Neque
1316 1158 1412 1206 ego
1456 1158 1559 1190 non

58 1239 294 1288 possum;
343 1238 447 1270 non
487 1221 626 1270 enim
672 1226 878 1270 tantum
923 1222 1053 1270 mihi
1099 1222 1302 1286 derogo,
1351 1222 1561 1272 tametsi

59 1303 196 1352 nihil
231 1303 438 1368 adrogO,
462 1307 525 1351 ut
558 1307 611 1351 te
645 1301 899 1367 copiosius
930 1318 1085 1366 quam
1109 1318 1189 1351 me
1212 1306 1391 1367 putem
1415 1318 1559 1367 posse

58 1384 240 1433 dicere.
309 1383 503 1434 Verum
540 1398 635 1446 ego
670 1381 891 1430 forsitan
926 1385 1141 1446 propter
1167 1381 1559 1432 multitudinem

59 1469 392 1529 patronorum
408 1463 465 1511 in
484 1477 644 1527 grege
662 1462 982 1519 adnumerer,
1002 1466 1055 1510 te
1078 1478 1257 1526 pugna
1276 1461 1560 1512 Cannensis

58 1548 410 1594 accusatorum
447 1547 529 1593 sat
564 1543 756 1591 bonum
798 1542 938 1591 fecit.
1008 1541 1204 1590 Multos
1245 1558 1415 1591 caesos
1452 1558 1561 1592 non
1585 1537 1645 1586 90

58 1625 126 1674 ad
150 1624 523 1673 Trasumenum
559 1622 746 1682 lacum,
773 1622 863 1671 sed
898 1622 964 1671 ad
993 1621 1270 1672 Servilium
1302 1622 1557 1672 vidimus:

59 1707 215 1769 quis
251 1704 360 1770 ibi⁴
389 1720 520 1753 non
548 1708 655 1753 est
681 1703 1104 1752 vulneratus
1135 1702 1322 1751 ferro
1359 1702 1559 1767 Phry-

59 1784 208 1848 gio?
241 1785 358 1834 Non
379 1799 582 1832 necesse
606 1787 686 1831 est
709 1798 883 1831 omnes
907 1798 1311 1841 commemorare,
1338 1782 1560 1842 Curtios,

58 1863 263 1922 Marios,
288 1863 508 1927 denique
530 1862 866 1926 †Mammeos,
891 1877 1018 1926 quos
1053 1861 1157 1910 iam
1187 1866 1327 1911 aetas
1358 1879 1388 1911 a
1418 1879 1560 1928 proe-

58 1944 146 1993 liis
183 1945 445 2001 avocabat,
469 1947 726 2008 postremo
763 1942 1025 1991 Priamum
1047 1942 1234 2007 ipsum,
1259 1960 1430 1993 senem
1456 1944 1560 1992 An-

58 2023 281 2082 tistium,
328 2039 481 2088 quem
533 2039 638 2071 non
682 2022 830 2071 modo
882 2027 1035 2080 aetas,
1083 2022 1171 2072 sed
1216 2023 1374 2072 etiam
1418 2024 1558 2089 leges

59 2119 294 2169 pugnare
316 2102 669 2167 prohibebant.
739 2101 851 2150 Iam
875 2119 1001 2166 quos
1018 2118 1165 2152 nemo
1182 2108 1394 2168 propter
1415 2104 1558 2169 igno-

58 2182 320 2232 bilitatem
351 2181 597 2240 nominat,
623 2181 841 2230 sescenti
877 2186 1015 2242 sunt,
1048 2182 1141 2246 qui
1177 2182 1316 2232 inter
1352 2183 1558 2234 sicarios

59 2266 113 2311 et
136 2262 199 2310 de
221 2261 484 2310 veneficiis
507 2261 843 2319 accusabant3
880 2261 972 2325 qui
1008 2278 1196 2321 omnes,
1221 2263 1358 2326 quod
1389 2264 1454 2312 ad
1477 2280 1558 2313 me

60 2341 266 2401 attinet,
291 2340 479 2389 vellem
500 2340 752 2390 viverent.
821 2341 970 2390 Nihil
993 2342 1131 2390 enim
1161 2342 1284 2391 mali
1308 2347 1386 2391 est
1408 2360 1557 2392 canes

59 2420 135 2468 ibi
174 2436 327 2485 quam
367 2419 615 2484 plurimos
663 2436 784 2479 esse,
826 2421 918 2469 ubi
963 2421 1209 2485 permulti
1253 2422 1558 2472 observandi

60 2500 328 2564 multaque
351 2500 601 2550 servanda
624 2505 762 2549 sunt.
813 2501 1020 2559 Verum,
1039 2506 1101 2549 ut
1124 2502 1199 2560 fit,
1219 2502 1386 2551 multa
1408 2519 1557 2568 saepe
1579 2507 1636 2555 91

59 2578 474 2645 imprudentibus
495 2578 891 2643 imperatoribus
914 2579 994 2629 vis
1018 2579 1143 2628 belli
1166 2596 1223 2628 ac
1241 2582 1395 2630 turba
1412 2583 1555 2631 moli-

60 2661 162 2710 tur.
231 2659 367 2709 Dum
390 2659 435 2708 is
457 2659 513 2707 in
537 2659 652 2707 aliis
675 2659 826 2708 rebus
850 2665 959 2711 erat
983 2666 1273 2725 occupatus,
1299 2661 1390 2726 qui
1421 2679 1555 2713 eum-

1327 2757 1358 2791 D
