1832 2970
560 98 650 133 mo
685 97 846 133 cosmo
883 96 1120 133 AMERINO.
1524 85 1583 131 17

85 233 195 266 csse
218 215 447 281 cupiunt.
496 213 688 264 Verum
711 211 943 262 homines
965 217 1112 262 notos
1135 228 1333 261 sumere
1357 210 1584 260 odiosum

87 300 180 355 cst,
205 312 321 345 cum
345 300 397 344 01
419 293 551 341 illud
573 293 830 341 incertum
854 293 938 351 sit,
963 293 1197 341 velintne
1228 292 1267 340 ii
1292 307 1400 340 sese
1422 291 1584 340 nomi·

86 376 215 434 nari,
239 380 292 424 et
313 389 460 423 nemo
477 373 624 421 vobis
647 373 813 437 magis
830 377 983 422 notus
1007 373 1213 421 futurus
1237 372 1307 421 sit
1330 388 1484 435 quam
1507 376 1586 420 cst

87 456 174 504 hic
197 454 481 518 Eutychus,
507 458 560 502 et
587 458 723 501 certe
755 454 819 501 ad
852 469 959 501 rem
993 453 1130 500 nihil
1160 453 1383 511 intersit,
1411 456 1585 500 utrum

88 535 225 583 hunc
249 549 343 597 ego
366 533 612 582 comicum
636 532 1011 580 adulescentem
1034 548 1101 578 an
1124 531 1345 594 aliquem
1370 548 1433 579 ex
1461 547 1586 595 agro

88 613 293 664 Veienti
336 612 607 660 nominem.
676 611 886 659 Etenim
931 611 1056 658 haec
1102 611 1319 659 conficta
1364 610 1586 658 arbitror

87 707 193 740 csse
229 708 259 739 a
295 690 474 755 poetis,
510 695 571 738 ut
610 690 799 739 effictos
845 694 1044 738 nostros
1090 705 1255 738 mores
1301 689 1359 736 in
1404 689 1587 738 alienis

86 771 315 837 personis
359 787 748 835 expressamque
788 770 1069 834 imaginem
1113 770 1255 818 vitae
1301 770 1587 818 cotidianae

87 850 395 899 videremus.
464 851 577 914 Age
621 866 774 907 nunc,
803 849 939 897 refer
976 849 1220 907 animum,
1257 849 1341 907 sis,
1367 849 1432 897 ad
1455 848 1587 896 veri·
1609 850 1672 898 48

86 935 246 979 tatem
286 935 340 979 et
374 929 652 987 considera,
683 946 786 977 non
822 929 971 977 modo
1004 929 1062 976 in
1090 928 1307 978 Umbria
1341 933 1496 992 atque
1532 928 1589 975 in

87 1026 147 1058 ea
176 1009 463 1068 vicinitate,
494 1009 582 1057 sed
612 1008 670 1056 in
700 1008 784 1056 his
818 1009 1082 1056 veteribus
1114 1008 1426 1072 municipiis,
1459 1024 1588 1071 quae

88 1089 262 1138 studia
292 1105 323 1136 a
350 1088 586 1152 patribus
623 1088 848 1135 familias
883 1087 1105 1135 maxime
1143 1087 1450 1136 laudentur:
1485 1087 1587 1135 iam

72 1169 314 1233 ‚profecto
363 1173 416 1215 te
461 1167 736 1231 intelleges
780 1167 957 1231 inopia
1007 1167 1282 1215 criminum
1339 1183 1588 1216 summam

91 1249 294 1296 laudem
368 1248 482 1297 Sex.
552 1247 732 1295 Roscio
799 1247 930 1295 vitio
997 1252 1049 1295 et
1117 1247 1297 1311 culpae
1376 1247 1587 1295 dedisse.

88 1327 268 1378 XVII.
305 1328 382 1376 Ac
425 1343 530 1376 non
563 1327 712 1374 modo
746 1326 843 1375 hoc
889 1331 1096 1391 patrum
1132 1327 1402 1375 voluntate
1435 1326 1589 1374 liberi

88 1407 301 1466 faciunt,
337 1407 426 1455 sed
453 1406 735 1471 permultos
764 1411 816 1454 et
843 1423 938 1470 ego
970 1406 1096 1455 novi
1127 1411 1193 1464 et,
1218 1407 1322 1455 nisi
1344 1423 1426 1455 me
1449 1406 1590 1454 fallit

87 1491 304 1548 animus,
341 1507 476 1538 unus
511 1490 729 1552 quisque
751 1494 998 1549 vestrum,
1034 1490 1125 1554 qui
1166 1495 1219 1539 et
1255 1490 1357 1555 ipsi
1393 1490 1590 1539 incensi

86 1575 209 1619 sunt
265 1570 453 1628 studio,
513 1570 649 1633 quod
706 1570 772 1618 ad
825 1586 1010 1634 agrum
1056 1570 1324 1619 colendum
1378 1570 1586 1630 attinet,

87 1650 351 1714 vitamque
375 1649 509 1699 hanc
531 1650 793 1709 rusticam,
818 1666 971 1713 quam
993 1655 1054 1698 tu
1085 1651 1270 1714 probro
1301 1655 1354 1699 et
1385 1650 1590 1699 crimini

87 1734 238 1793 putas
262 1746 370 1778 esse
385 1733 631 1793 oportere,
652 1733 705 1777 01
721 1729 1135 1777 honestissimam
1157 1734 1210 1777 et
1233 1729 1588 1778 suavissimam

87 1826 195 1858 esse
251 1810 588 1857 arbitrantur.
658 1809 793 1867 Quid
851 1826 1022 1857 censes
1078 1809 1217 1857 hunc
1269 1810 1438 1874 ipsum
1476 1811 1586 1861 Sex.
1610 1816 1672 1864 49

87 1889 341 1947 Roscium,
384 1905 484 1951 quo
530 1888 702 1936 studio
748 1893 800 1936 et
846 1905 948 1951 qua
984 1889 1345 1953 intellegentia
1385 1906 1492 1938 esse
1531 1890 1587 1938 in

88 1968 295 2017 rusticis
345 1969 537 2016 rebus?
569 1972 630 2026 ut
675 1983 739 2016 ex
783 1967 867 2016 his
914 1969 1217 2033 propinquis
1254 1969 1378 2028 eius,
1425 1969 1587 2018 homi-

89 2049 242 2096 nibus
275 2047 663 2106 honestissimis,
700 2047 866 2107 audio,
898 2065 1002 2097 non
1041 2053 1101 2097 tu
1135 2049 1192 2096 in
1229 2049 1329 2097 isto
1369 2049 1587 2098 artificio

89 2126 401 2175 accusatorio
425 2126 658 2175 callidior
680 2143 732 2175 es
755 2144 910 2191 quam
932 2127 1018 2176 hic
1039 2128 1097 2176 in
1121 2145 1225 2178 suo.
1295 2129 1503 2189 Verum,
1525 2134 1587 2177 ut

89 2207 283 2271 opinor,
323 2207 563 2270 quoniam
598 2206 675 2255 ita
715 2207 1051 2272 Chrysogono
1073 2209 1297 2268 videtur,
1335 2210 1427 2274 qui
1465 2210 1587 2258 huic

91 2286 294 2333 nullum
318 2285 582 2349 praedium
613 2286 841 2350 reliquit,
867 2291 919 2335 et
943 2288 1220 2337 artificium
1250 2289 1587 2338 obliviscatur

92 2369 145 2413 et
167 2365 396 2414 studium
420 2366 641 2429 deponat
664 2366 857 2415 licebit.
927 2367 1073 2425 Quod
1106 2369 1312 2416 tametsi
1345 2369 1585 2417 miserum

95 2450 148 2493 et
184 2445 457 2509 indignum
481 2449 574 2504 est,
600 2445 730 2494 feret
760 2450 933 2495 tamen
963 2463 1124 2511 aequo
1160 2448 1346 2506 animo,
1372 2447 1583 2508 iudices,

91 2525 138 2574 si
160 2541 251 2589 per
272 2541 364 2573 vos
386 2525 550 2572 vitam
574 2529 627 2573 01
650 2526 837 2575 famam
860 2531 1029 2591 potest
1053 2528 1284 2576 obtinere
1304 2546 1314 2576 ε
1343 2527 1440 2577 1100
1462 2545 1584 2578 vero

89 2610 183 2663 est,
208 2605 344 2668 quod
366 2605 491 2653 ferri
514 2621 617 2653 non
652 2610 835 2669 potest,
862 2607 907 2655 si
930 2612 982 2656 et
1005 2607 1061 2656 in
1084 2607 1217 2656 hanc
1239 2607 1582 2658 calamitatem

93 2687 237 2736 venit
253 2692 463 2753 propter
480 2688 801 2753 praediorum
814 2689 1097 2739 bonitatem
1113 2695 1164 2739 et
1178 2690 1581 2749 multitudinem,

1359 2784 1385 2815 o
