1832 2970
572 95 660 130 Pno
695 93 854 129 Roscm
889 93 1126 128 AMERmo.
1527 80 1582 125 21

96 210 292 258 debetis
337 209 393 258 in
429 225 512 258 eos
549 208 801 273 impetum
840 209 1020 267 facere,
1046 207 1137 271 qui
1168 210 1459 256 merentur:
1496 204 1592 254 hoc

96 290 286 354 populo
319 288 671 354 gratissimum
709 293 802 337 est.
872 287 1085 345 Deinde,
1125 287 1168 335 si
1208 286 1408 343 voletis,
1434 284 1591 334 etiam

95 375 225 428 tum,
261 385 375 418 cum
404 369 516 417 veri
548 368 716 417 simile
754 368 856 417 erit
892 368 1116 431 aliquem
1153 366 1475 424 commisisse,
1512 364 1592 430 [in

96 449 405 515 suspicione]
429 449 699 498 latratote:
726 449 779 496 id
804 465 1006 512 quoque
1030 447 1235 496 concedi
1258 450 1443 511 potest.
1501 445 1592 496 Sin

97 535 270 579 autem
293 529 367 578 sic
391 529 572 593 agetis,
597 533 658 577 ut
695 528 928 592 arguatis
970 527 1195 590 aliquem
1231 530 1431 590 patrem
1465 525 1594 574 occi-

96 609 230 657 disse
251 623 416 671 neque
440 607 606 656 dicere
629 606 838 671 possitis
875 610 965 654 aut
992 622 1150 669 quare
1177 609 1269 653 aut
1298 621 1399 667 quo
1429 604 1592 662 modo,

95 705 155 737 ac
197 687 552 737 tantummodo
589 687 722 751 [sine
768 685 1078 750 suspicione]
1124 684 1399 742 latrabitis,
1446 700 1595 731 crura

95 767 304 832 quidem
339 766 486 815 vobis
521 782 670 814 nemo
711 765 1001 829 suffringet‚
1027 764 1131 822 sed,
1156 763 1201 812 si
1225 779 1320 827 ego
1344 763 1438 811 hos
1461 763 1593 812 bene

95 847 234 906 novi,
258 847 488 895 litteram
510 845 671 901 illam,
696 845 781 893 cui
817 861 909 893 vos
949 860 1112 907 usque
1136 859 1194 892 eo
1230 842 1429 891 inimici
1453 842 1592 900 estis,

95 932 157 977 ut
180 927 336 976 etiam
359 926 603 975 kalendas
626 941 798 974 omnes
822 924 1046 982 oderitis,
1072 923 1148 971 ita
1171 923 1502 972 vehementer
1531 922 1597 970 ad

96 1012 251 1072 caput
284 1006 527 1070 adfigent,
562 1010 624 1052 ut
658 1009 832 1069 postea
864 1004 1122 1052 neminem
1160 1003 1323 1051 alium
1357 1002 1461 1051 nisi
1496 1002 1596 1050 for-

96 1093 251 1136 tunas
286 1090 485 1135 vestras
524 1100 759 1133 accusare
795 1083 1018 1148 possitis.
1089 1082 1244 1132 XXI.
1290 1082 1428 1140 Quid
1466 1082 1598 1130 mihi
1621 1080 1680 1127 58

97 1168 163 1216 ad
185 1166 559 1215 defendendum
582 1163 785 1221 dedisti,
810 1165 941 1213 bone
965 1165 1265 1212 accusator?
1298 1162 1424 1225 quid
1458 1162 1597 1212 hisce

97 1251 270 1295 autem
306 1246 372 1293 ad
405 1244 801 1308 suspicandum?
853 1250 865 1270 ⁴
881 1243 958 1291 Ne
976 1242 1376 1290 exheredaretur
1398 1241 1598 1291 veritus

98 1326 206 1376 est.’
275 1325 459 1383 Audio,
482 1324 574 1372 sed
596 1339 698 1387 qua
722 1323 783 1371 de
807 1339 960 1372 causa
982 1321 1150 1370 vereri
1174 1321 1425 1379 debuerit,
1449 1337 1598 1370 nemo

97 1407 239 1456 dicit.
311 1413 323 1434 ‘
342 1405 582 1454 Habebat
604 1408 752 1468 pater
774 1403 832 1450 in
855 1402 1056 1450 animo.'
1115 1401 1336 1449 Planum
1359 1401 1452 1450 fac.
1508 1401 1598 1450 Ni-

97 1487 178 1535 hil
226 1490 319 1544 est,
365 1501 469 1534 non
518 1485 727 1547 quicum
772 1482 1086 1541 deliberarit,
1134 1497 1287 1544 quem
1332 1481 1598 1530 certiorem

98 1567 292 1624 fecerit,
317 1566 452 1615 unde
475 1565 617 1614 istud
639 1563 788 1612 vobis
803 1562 1055 1627 suspicari
1068 1562 1126 1610 in
1140 1566 1364 1610 mentem
1379 1562 1597 1610 venerit.

99 1646 228 1696 Cum
264 1646 360 1694 hoc
397 1645 546 1694 modo
586 1659 810 1702 accusas,
858 1642 1030 1700 Eruci,
1069 1658 1241 1690 nonne
1286 1641 1382 1690 1100
1428 1641 1598 1705 palam

98 1727 253 1776 dicis:
292 1732 305 1754 ‘
322 1742 418 1790 ego
442 1725 569 1789 quid
593 1723 875 1788 acceperim
898 1723 1016 1781 scio,
1043 1722 1171 1785 quid
1204 1721 1374 1769 dicam
1396 1721 1565 1770 nescio
1585 1740 1596 1769 :

98 1824 260 1855 unum
291 1806 423 1854 illud
452 1804 700 1869 spectavi,
733 1802 870 1866 quod
903 1802 1269 1866 Chrysogonus
1297 1801 1482 1860 aiebat,
1511 1819 1598 1851 ne-

100 1887 291 1935 minem
307 1885 399 1935 isti
421 1890 692 1949 patronum
717 1884 969 1940 futurum,
991 1882 1054 1930 de
1076 1882 1325 1930 bonorum
1343 1881 1598 1946 emptione

101 1967 264 2030 deque
287 1981 346 2014 ea
369 1964 610 2013 societate
646 1962 903 2010 neminem
937 1978 1044 2010 esse
1073 1961 1164 2025 qui
1197 1961 1413 2010 verbum
1436 1961 1599 2010 facere

101 2047 311 2094 auderet
332 2045 429 2094 1100
445 2043 702 2107 tempore.’
771 2043 914 2090 Haec
936 2046 988 2090 te
1012 2041 1186 2106 opinio
1209 2040 1340 2090 falsa
1363 2042 1420 2088 in
1443 2041 1596 2089 istam

101 2126 335 2174 fraudem
357 2123 599 2188 impulit:
634 2139 738 2171 non
775 2139 857 2171 me
890 2123 1122 2171 hercules
1143 2122 1359 2171 verbum
1379 2122 1595 2180 fecisses,

100 2206 145 2254 si
169 2205 269 2254 tibi
292 2220 601 2268 quemquam
623 2219 986 2267 responsurum
1008 2207 1254 2266 putasses.

168 2285 363 2350 Operae
399 2284 624 2348 pretium
664 2287 788 2343 erat,
825 2283 869 2331 si
896 2282 1363 2340 animadvertistis,
1387 2282 1596 2341 iudices,
1625 2288 1682 2335 59

100 2364 483 2430 neglegentiam
507 2363 616 2412 eius
638 2363 696 2410 in
718 2362 1001 2411 accusando
1017 2361 1348 2410 considerare.
1418 2361 1594 2419 Credo,

102 2463 218 2495 cum
240 2445 471 2503 vidisset,
498 2443 588 2507 qui
602 2443 832 2492 homines
848 2443 905 2490 in
919 2442 1060 2491 hisce
1076 2442 1334 2490 subselliis
1349 2442 1596 2499 sederent,

103 2526 372 2590 quaesisse,
410 2542 535 2573 num
572 2524 663 2572 ille
702 2528 795 2572 aut
838 2523 930 2575 ille
970 2523 1271 2571 defensurus
1327 2526 1486 2570 esset:
1535 2522 1598 2570 de

102 2622 184 2655 me
211 2622 276 2654 ne
303 2605 616 2670 suspicatum
648 2603 853 2667 quidem
889 2619 1010 2660 esse,
1042 2602 1177 2665 quod
1214 2605 1365 2649 antea
1394 2617 1598 2649 causam

103 2685 362 2750 publicam
417 2683 615 2732 nullam
677 2682 910 2732 dixerim.
1000 2683 1334 2745 Posteaquam
1396 2681 1599 2729 invenit
