1832 2970
515 120 603 156 rizo
639 118 799 155 nosc1o
834 116 1070 153 AMERmO.
1468 103 1531 148 37

39 256 142 290 una
165 244 369 289 tantum
392 235 592 286 itineris
616 234 920 284 contendere
944 233 1142 299 coegit?
1165 248 1295 297 quae
1316 229 1531 281 necessi-

36 325 116 369 tas
139 337 255 370 eum
277 322 425 368 tanta
446 315 725 381 premebat,
750 319 825 373 ut,
850 314 895 363 si
931 330 1023 363 sua
1052 317 1233 378 sponte
1254 312 1356 361 iter
1378 310 1528 360 Ame-

36 400 167 449 riam
222 399 425 455 faceret,
482 395 538 444 id
594 394 838 459 temporis
895 394 1055 443 Roma
1110 391 1527 457 proficisceretur,

35 481 232 529 nullam
254 482 451 543 partem
473 475 639 524 noctis
656 474 1027 539 requiesceret?
1075 473 1303 523 XXXV.
1335 471 1530 520 Etiam·

35 577 101 610 ne
123 561 179 609 in
200 564 307 608 tam
330 556 611 623 perspicuis
641 556 793 604 rebus
829 553 1209 619 argumentatio
1236 553 1527 616 quaerenda

36 646 128 692 aut
149 640 437 690 coniectura
459 638 705 703 capienda
728 638 839 686 est?
872 636 1053 686 Nonne
1075 635 1222 684 vobis
1238 634 1377 692 haec,
1397 650 1528 697 quae

34 721 265 779 audistis,
290 735 494 770 cernere
517 717 677 767 oculis
699 716 963 774 videmini,
987 715 1216 765 iudices?
1248 731 1352 763 non
1374 714 1525 763 illum

35 803 288 859 miserum,
313 800 552 864 ignarum
575 814 721 847 casus
744 796 840 856 sui,
866 797 1164 845 redeuntem
1187 812 1218 844 a
1241 812 1364 844 cena
1387 795 1526 843 vide-

33 883 137 931 tis?
158 898 262 930 non
284 880 475 946 positas
497 878 743 927 insidias?
772 894 876 926 non
898 875 1530 942 impetum‘repentinum?

33 979 137 1011 non
172 964 407 1010 versatur
442 963 562 1008 ante
597 958 767 1007 oculos
803 957 952 1007 vobis
992 956 1050 1005 in
1088 957 1240 1006 caede
1278 955 1531 1005 Glaucia?

33 1058 137 1091 non
160 1041 304 1090 adest
325 1040 424 1089 iste
447 1039 506 1088 T.
531 1039 778 1088 Roscius?
798 1054 902 1086 non
921 1037 1027 1086 suis
1044 1036 1282 1086 manibus
1298 1036 1356 1085 in
1374 1053 1527 1085 curru

33 1122 261 1172 conlocat
279 1120 707 1169 Automedontem
720 1118 883 1176 illum,
901 1117 981 1166 sui
995 1117 1197 1166 sceleris
1212 1116 1525 1166 acerbissimi

33 1200 358 1264 nefariaeque
397 1198 642 1247 victoriae
681 1197 958 1246 nuntium?
1009 1213 1113 1246 non
1153 1202 1265 1246 orat
1309 1201 1371 1245 ut
1415 1213 1526 1246 eam

33 1285 233 1330 noctem
269 1278 560 1345 pervigilet,
584 1283 645 1326 ut
679 1267 885 1327 honoris
921 1278 1002 1326 sui
1038 1294 1190 1326 causa
1228 1277 1441 1336 laboret,
1465 1282 1528 1326 ut

35 1360 275 1426 Capitoni
311 1375 465 1423 quam
504 1358 727 1423 primum
762 1358 1006 1406 nuntiet?
1054 1357 1190 1416 Quid
1226 1362 1351 1415 erat,
1391 1357 1527 1421 quod

35 1440 335 1505 Capitonem
370 1439 595 1504 primum
625 1438 752 1487 scire
775 1437 1035 1486 voluerit?
1069 1437 1267 1496 Nescio,
1291 1437 1395 1486 nisi
1431 1437 1527 1487 hoc

34 1520 198 1578 video,
224 1518 522 1583 Capitonem
544 1517 602 1566 in
623 1516 706 1566 his
728 1517 875 1566 bonis
898 1533 1006 1566 esse
1029 1516 1249 1576 socium3
1274 1517 1337 1565 de
1359 1516 1528 1566 tribus

33 1604 86 1649 et
108 1599 280 1648 decem
303 1598 479 1646 fundis
501 1602 606 1646 tres
623 1596 970 1646 nobilissimos
988 1597 1221 1662 [fundos]
1241 1613 1359 1646 eum
1376 1597 1526 1647 video

1585 475 1644 523 98

1582 1356 1644 1404 99

32 1679 302 1744 possidere.
371 1677 540 1727 Audio
579 1681 842 1741 praeterea
878 1693 981 1725 non
1020 1676 1153 1725 hanc
1189 1676 1525 1740 suspicionem
1548 1674 1638 1722 100

32 1775 170 1808 nunc
204 1758 428 1823 primum
464 1757 521 1805 in
559 1757 858 1820 Capitonem
895 1755 1141 1804 conferri:
1189 1755 1382 1804 multas
1421 1772 1526 1805 esse

32 1839 250 1887 infames
280 1838 390 1887 eius
414 1837 624 1902 palmas,
648 1836 781 1884 hanc
812 1835 1033 1900 primam
1069 1851 1177 1884 6886
1206 1840 1380 1884 tamen
1403 1835 1526 1885 lem-

33 1918 297 1977 niscatam,
322 1933 452 1980 quae
488 1916 649 1964 Roma
684 1915 732 1964 ei
768 1915 1054 1972 deferatur3
1088 1914 1292 1963 nullum
1318 1915 1525 1964 modum

34 2015 142 2049 esse
164 1999 386 2047 hominis
410 1997 685 2056 occidendi,
705 2013 805 2060 quo
827 1997 917 2046 ille
934 2013 1038 2046 non
1055 1997 1253 2062 aliquot
1270 1998 1525 2057 occiderit,

34 2079 223 2128 multos
259 2078 408 2136 ferro,
447 2077 635 2125 multos
675 2093 899 2135 veneno;
948 2078 1108 2126 habeo
1146 2077 1303 2127 etiam
1343 2078 1523 2137 dicere,

33 2176 186 2223 quem
223 2163 399 2207 contra
435 2173 625 2206 morem
660 2157 911 2206 maiorum
940 2157 1188 2207 minorem
1210 2158 1361 2207 annis
1384 2175 1525 2208 sexa-

33 2239 182 2303 ginta
219 2239 280 2286 de
318 2241 473 2302 ponte
509 2238 566 2286 in
603 2237 832 2286 Tiberim
868 2238 1136 2288 deiecerit:
1174 2256 1319 2303 quae,
1345 2240 1389 2289 si
1412 2256 1527 2305 pro—

33 2318 189 2367 dierit
212 2323 367 2382 atque
391 2317 515 2366 adeo
538 2334 652 2366 cum
684 2317 931 2382 prodierit
953 2347 1019 2354 —-
1042 2318 1145 2367 scio
1182 2319 1321 2367 enim
1357 2319 1526 2384 prodi-

34 2403 211 2447 turum
233 2414 355 2456 esse,
379 2427 447 2434 --
471 2397 658 2449 audiet.
728 2398 920 2447 Veniat
943 2399 1103 2456 modo,
1130 2399 1352 2463 explicet
1375 2417 1524 2448 suum
1547 2400 1631 2449 101

34 2479 272 2527 volumen
309 2477 455 2536 illud,
481 2478 617 2541 quod
654 2477 702 2526 ei
738 2477 948 2542 planum
980 2478 1145 2527 facere
1167 2495 1372 2543 possum
1395 2480 1525 2528 Eru-

33 2558 170 2606 cium
215 2557 584 2621 conscripsisse,
627 2557 762 2619 quod
803 2557 952 2606 aiunt
997 2558 1148 2605 illum
1189 2558 1303 2608 Sex.
1345 2560 1524 2610 Roscio

35 2638 314 2686 intentasse
337 2642 389 2686 et
412 2637 710 2685 minitatum
734 2653 854 2694 esse,
881 2654 932 2686 se
956 2638 1126 2686 omnia
1150 2638 1242 2686 illa
1265 2656 1357 2703 pro
1381 2641 1524 2690 testi-

38 2717 202 2766 monio
225 2734 331 2766 6886
356 2717 627 2766 dicturum.
681 2716 722 2766 Ο
741 2717 1058 2781 praeclarum
1077 2722 1275 2778 testem,
1299 2720 1521 2772 iudices!
