1832 2970
277 111 340 158 50
738 123 826 158 PRO
861 122 1022 158 noscw
1056 122 1292 158 AMERINO.

273 254 302 288 e
337 238 517 288 multis
550 238 933 303 splendidisque
968 238 1179 287 familiis
1207 238 1264 286 in
1294 238 1448 287 turba
1482 243 1538 288 et
1572 240 1768 305 rapinis

160 321 255 371 134
272 315 555 368 coacervari
609 334 714 366 una
756 318 812 365 in
857 317 1005 366 domo
1056 317 1241 381 potuit.
1332 318 1604 368 Familiam
1646 335 1770 368 vero

271 401 517 461 quantam
543 401 596 445 et
627 413 781 461 quam
811 397 978 445 variis
999 413 1114 444 cum
1148 397 1381 446 artificiis
1414 397 1618 458 habeat,
1642 400 1768 464 quid

272 493 370 541 ego
411 474 613 525 dicam?
692 476 850 525 Mitto
894 476 1044 524 hasce
1088 480 1222 525 artes
1265 477 1522 541 vulgares,
1568 494 1767 542 coquos,

271 556 500 621 pistores,
554 555 867 605 lecticarios:
925 556 1086 603 animi
1131 560 1184 604 et
1232 557 1435 605 aur-ium
1488 574 1639 607 causa
1686 563 1769 607 tot

271 636 502 685 homines
524 635 696 693 habet,
730 640 792 683 ut
819 635 1075 684 cotidiano
1106 641 1259 684 cantu
1294 652 1476 685 vocum
1503 642 1557 686 et
1587 654 1767 686 nervo-

270 732 386 764 rum
400 720 452 765 et
474 715 721 765 tibiarum
743 714 1109 779 nocturnisque
1127 715 1377 764 conviviis
1399 721 1510 766 tota
1527 717 1769 766 vicinitas

271 801 522 861 personet.
592 797 658 844 In
689 795 786 844 hac
816 795 942 861 vita,
974 795 1180 852 iudices,
1218 812 1345 860 quos
1379 801 1614 862 sumptus
1644 798 1768 846 coti-

264 877 463 935 dianos,
487 891 615 940 quas
641 875 910 925 effusiones
941 874 1054 924 fieri
1081 875 1280 939 putatis
1296 878 1319 923 ἶ)
1350 892 1480 940 quae
1501 893 1622 926 vero
1651 893 1768 925 con-

271 948 447 1003 vivia?
512 954 757 1011 Honesta,
783 952 945 1010 credo,
970 953 1026 1000 in
1049 953 1158 1002 eius
1181 954 1319 1002 modi
1341 954 1502 1012 domo,
1522 955 1566 1003 si
1589 955 1770 1003 domus

270 1034 396 1082 haec
425 1033 660 1083 habenda
689 1037 768 1081 est
798 1032 971 1096 potius
1007 1048 1161 1095 quam
1192 1032 1389 1081 officina
1417 1034 1680 1098 nequitiae
1709 1051 1769 1083 ac

160 1119 249 1167 135
270 1113 616 1162 deversorium
646 1112 964 1176 flagitiorum
996 1106 1240 1160 omnium.
1309 1113 1428 1177 Ipse
1458 1130 1581 1162 vero
1616 1130 1769 1178 quem

261 1192 336 1242 ad
366 1193 572 1242 modum
601 1191 878 1256 composito
907 1195 959 1239 et
987 1191 1216 1241 delibuto
1247 1193 1432 1257 capillo
1462 1193 1650 1258 passim
1678 1210 1771 1257 per

271 1273 439 1321 forum
460 1271 646 1321 volitet
664 1288 779 1319 cum
803 1287 992 1335 magna
1014 1276 1226 1320 caterva
1237 1277 1544 1336 togatorum,
1563 1273 1767 1331 videtis,

272 1351 466 1400 iudices
481 1370 494 1409 ;
545 1355 607 1398 ut
646 1365 818 1398 omnes
858 1349 1120 1414 despiciat,
1161 1355 1223 1399 ut
1261 1351 1518 1399 hominem
1555 1368 1677 1415 prae
1715 1368 1770 1400 se

271 1430 526 1480 neminem
549 1435 711 1494 putet,
733 1433 795 1478 ut
819 1446 870 1478 se
893 1430 1057 1477 solum
1079 1430 1300 1489 beatum,
1319 1431 1482 1480 solum
1506 1436 1770 1495 potentem

272 1514 435 1574 putet.
517 1509 657 1568 Quae
688 1525 808 1557 vero
840 1509 1024 1557 efficiat
1056 1514 1108 1557 et
1136 1527 1265 1573 quae
1296 1515 1507 1559 conetur
1537 1511 1581 1559 si
1611 1511 1769 1560 velim

272 1605 675 1646 commemorare,
722 1604 914 1647 vereor,
960 1588 1167 1648 iudices,
1214 1606 1278 1638 ne
1323 1590 1439 1653 quis
1484 1590 1771 1654 imperitior

273 1670 533 1719 existimet
577 1686 657 1716 me
702 1664 904 1717 causam
949 1667 1238 1717 nobilitatis
1277 1669 1644 1732 victoriamque
1681 1685 1769 1717 vo-

270 1745 426 1798 luisse
453 1749 680 1805 laedere3
716 1747 923 1796 tametsi
956 1764 1066 1795 meo
1097 1748 1208 1803 iure
1232 1765 1450 1811 possum,
1482 1748 1527 1796 si
1557 1749 1683 1812 quid
1710 1749 1768 1797 in

271 1830 367 1879 hac
400 1833 548 1893 parte
583 1827 710 1875 mihi
748 1844 852 1876 non
884 1827 1100 1891 placeat,
1139 1828 1456 1892 vituperare:
1492 1845 1597 1876 non
1631 1829 1769 1877 enim

271 1926 450 1959 vereor
472 1925 539 1958 ne
561 1905 686 1972 quis
699 1906 926 1956 alienum
947 1923 1028 1955 me
1052 1906 1282 1955 animum
1303 1903 1542 1956 habuisse
1564 1925 1595 1956 a
1617 1925 1769 1958 causa

155 1994 246 2042 136
270 1986 561 2039 nobilitatis
606 1987 881 2036 existimet.
949 1987 1179 2037 XLVIL
1232 1986 1414 2037 Sciunt
1453 1985 1506 2046 ii,
1553 1989 1644 2052 qui
1686 2005 1770 2039 me

271 2072 478 2128 norunt,
500 2083 582 2116 me
612 2083 704 2132 pro
734 2083 847 2115 mea
875 2066 1022 2115 tenui
1052 2066 1358 2131 infirmaque
1385 2072 1547 2132 parte,
1571 2073 1769 2132 postea-

272 2152 426 2213 quam
464 2147 534 2205 id,
576 2147 713 2210 quod
749 2146 971 2195 maxime
1010 2146 1168 2206 volui,
1209 2147 1322 2195 fieri
1357 2163 1461 2196 non
1500 2148 1672 2212 potuit
1707 2153 1769 2197 ut

271 2229 670 2290 componeretur,
694 2224 750 2272 id
779 2223 1001 2272 maxime
1030 2224 1328 2284 defendisse,
1352 2229 1414 2273 ut
1440 2225 1481 2273 ii
1502 2222 1768 2274 vincerent

272 2306 362 2370 qui
406 2305 656 2354 vicerunt.
740 2302 866 2362 Quis
922 2303 1059 2352 enim
1114 2308 1238 2362 erat,
1286 2304 1377 2368 qui
1420 2321 1525 2353 non
1568 2305 1769 2354 videret

272 2383 623 2435 humilitatem
652 2400 768 2432 cum
804 2383 1063 2446 dignitate
1099 2384 1162 2432 de
1193 2384 1532 2448 amplitudine
1561 2389 1766 2432 conten-

271 2467 422 2515 dere?
455 2480 557 2529 quo
585 2463 642 2511 in
670 2462 951 2511 certamine
980 2463 1172 2526 perditi
1202 2463 1331 2512 civis
1357 2467 1468 2512 erat
1494 2478 1598 2511 non
1621 2479 1674 2512 se
1701 2464 1764 2512 ad

271 2547 354 2595 eos
375 2545 604 2608 iungere,
629 2541 815 2606 quibus
845 2541 1188 2590 incolumibus
1216 2546 1268 2591 et
1298 2541 1434 2590 domi
1463 2541 1692 2606 dignitas
1714 2547 1768 2591 et

271 2624 396 2674 foris
435 2622 710 2672 auctoritas
744 2621 1067 2670 retineretur.
1138 2621 1277 2679 Quae
1307 2621 1534 2685 perfecta
1571 2638 1678 2671 esse
1694 2616 1696 2620 ’
1713 2627 1767 2671 et

270 2721 419 2753 suum
443 2702 626 2767 cuique
656 2701 897 2751 honorem
932 2705 986 2749 et
1021 2701 1237 2765 gradum
1264 2700 1526 2749 redditum
1553 2701 1765 2767 gaudeo,
