1832 2970
221 86 284 132 26
695 98 784 132 PRO
818 97 978 133 Roscm
1012 95 1248 132 Amnum.

219 218 282 262 ut
311 229 438 276 quos
465 218 652 261 natura
681 214 795 278 ipsa
825 212 1047 261 retinere
1074 211 1131 259 in
1158 210 1318 260 officio
1341 225 1446 258 non
1469 214 1653 274 posset,
1678 209 1718 258 ii

219 292 579 356 magnitudine
622 308 812 356 poenae
857 309 888 339 a
942 291 1189 339 maleficio
1244 294 1716 338 summoverentur:

219 372 358 427 insui
382 372 662 421 voluerunt
683 372 740 420 in
764 372 989 421 culleum
1010 370 1157 418 vivos
1179 375 1333 433 atque
1357 369 1434 435 ita
1455 368 1510 416 in
1526 368 1718 417 flumen

138 455 198 505 ¹71
220 450 367 500 deici.
437 451 642 501 XXVI.
676 450 734 501 :O
773 450 1090 514 singularem
1125 449 1448 513 sapientiam,
1495 447 1716 496 iudices!

166 517 414 581 ‘Nonne
436 532 684 581 videntur
718 531 857 580 hunc
901 530 1161 579 hominem
1206 546 1270 578 ex
1314 545 1487 577 rerum
1531 532 1719 576 natura

219 611 489 661 sustulisse
516 617 578 661 et
616 611 876 676 eripuisse,
918 610 1002 659 cui
1038 613 1251 673 repente
1287 608 1501 665 caelum,
1543 607 1717 664 solem,

218 709 404 757 aquam
437 698 728 758 terramque
765 691 1066 751 ademerint,
1098 695 1161 739 ut
1195 689 1287 753 qui
1323 705 1441 737 eum
1473 691 1718 746 necasset,

218 774 354 823 unde
372 774 481 838 ipse
503 779 657 823 natus
680 778 828 832 esset,
854 776 1052 827 careret
1088 770 1154 819 iis
1194 770 1347 818 rebus
1379 767 1630 826 omnibus,
1656 785 1719 815 ex

216 854 404 919 quibus
440 854 612 902 omnia
640 858 764 901 nata
802 868 910 901 esse
943 851 1221 899 dicuntur?
1270 848 1564 897 Noluerunt
1596 847 1719 896 feris

217 949 400 997 corpus
445 933 658 990 obicere,
703 950 769 980 ne
825 931 1006 980 bestiis
1062 946 1280 993 quoque,
1325 943 1456 991 quae
1513 932 1715 975 tantum

217 1013 380 1061 scelus
403 1012 715 1076 attigissent,
750 1010 1142 1058 immanioribus
1180 1014 1472 1063 uteremur3
1507 1023 1612 1054 non
1645 1006 1719 1054 sic

216 1092 381 1141 nudos
394 1092 451 1139 in
465 1092 657 1140 flumen
672 1091 882 1150 deicere,
899 1107 980 1148 ne,
999 1106 1117 1138 cum
1135 1088 1297 1138 delati
1310 1091 1479 1136 essent
1491 1086 1549 1134 in
1562 1102 1717 1142 mare,

215 1172 384 1235 ipsum
428 1171 732 1236 polluerent,
757 1186 858 1233 quo
881 1174 1064 1225 cetera,
1088 1184 1219 1231 quae
1242 1166 1438 1215 violata
1468 1171 1607 1225 sunt,
1631 1182 1719 1214 ex-

216 1251 349 1316 piari
375 1255 660 1315 putantur3
697 1249 920 1312 denique
958 1248 1095 1295 nihil
1130 1235 1238 1296 tam
1271 1246 1377 1295 vile
1410 1261 1577 1309 neque
1610 1250 1718 1294 tam

131 1331 195 1380 72
217 1330 431 1393 vulgare
445 1334 538 1388 est,
554 1329 699 1378 cuius
720 1333 920 1392 partem
943 1327 1105 1376 ullam
1127 1326 1450 1390 reliquerint.
1506 1324 1718 1373 Etenim

218 1411 345 1474 quid
388 1415 497 1458 tam
541 1414 620 1458 est
664 1424 927 1457 commune
967 1424 1122 1471 quam
1157 1407 1372 1471 spiritus
1402 1405 1558 1464 vivis,
1581 1410 1720 1453 terra

218 1490 450 1548 mortuis,
482 1507 620 1539 mare
659 1491 1048 1549 fluctuantibus,
1087 1490 1216 1539 litus
1254 1489 1468 1538 eiectis?
1533 1489 1620 1537 Ita
1641 1488 1719 1536 vi-

218 1575 368 1630 vunt,
413 1570 536 1618 dum
580 1576 808 1634 possunt,
854 1576 917 1620 ut
961 1571 1146 1619 ducere
1191 1570 1418 1618 animam
1469 1569 1533 1617 de
1579 1568 1718 1616 caelo

217 1666 333 1698 11011
364 1655 556 1713 queant
568 1670 582 1708 3
638 1650 715 1698 ita
758 1650 1065 1708 moriuntur,
1111 1655 1174 1698 ut
1218 1665 1394 1698 eorum
1433 1664 1545 1697 ossa
1579 1653 1718 1698 terra

218 1747 331 1778 non»
359 1735 567 1794 tangat;
619 1730 695 1779 ita
730 1730 991 1779 iactantur
1013 1756 1015 1759 ·
1034 1729 1293 1787 fluctibus,
1330 1733 1393 1777 ut
1435 1743 1715 1790 numquam

217 1811 526 1867 adluantur3
574 1809 651 1858 ita
687 1814 943 1874 postremo
981 1809 1254 1866 eiciuntur,
1295 1813 1358 1857 ut
1396 1824 1462 1856 ne
1496 1807 1562 1855 ad
1596 1823 1717 1855 saxa

215 1890 426 1953 quidem
448 1889 639 1938 mortui
656 1888 1032 1953 conquiescant.
1080 1888 1239 1936 Tanti
1255 1886 1494 1935 maleficii
1508 1886 1716 1944 crimen,

216 1969 302 2018 cui
324 1969 572 2018 maleficio
586 1973 694 2017 tam
716 1969 920 2033 insigne
938 1968 1250 2033 supplicium
1263 1972 1339 2016 est
1356 1966 1715 2026 constitutum,

218 2048 431 2112 probare
466 2054 533 2108 te,
565 2048 738 2107 Eruci,
769 2065 941 2097 censes
975 2065 1119 2112 posse
1159 2048 1355 2096 talibus
1391 2046 1536 2104 viriS‚
1572 2045 1617 2093 si
1650 2061 1715 2092 ne

215 2145 420 2176 causam
450 2128 658 2192 quidem
694 2127 933 2177 maleficii
972 2127 1282 2192 protuleris?
1327 2125 1384 2175 Si
1417 2125 1557 2174 hunc
1578 2123 1715 2188 apud

217 2209 464 2257 bonorum
487 2213 740 2272 emptores
754 2206 890 2271 ipsos
907 2223 1167 2256 accusares
1181 2206 1330 2269 eique
1346 2205 1537 2254 iudicio
1552 2203 1714 2267 Chry-

217 2305 437 2354 sogonus
483 2293 752 2353 praeesset,
811 2291 984 2336 tamen
1029 2285 1334 2350 diligentius
1386 2284 1714 2349 paratiusque

133 2373 194 2421 73
217 2369 457 2419 venisses.
526 2368 718 2417 Utrum
759 2367 885 2430 quid
926 2371 1112 2430 agatur
1146 2383 1251 2415 non
1286 2365 1446 2421 vides,
1471 2380 1539 2412 an
1574 2364 1713 2427 apud.

217 2466 345 2513 quos
367 2450 585 2513 agatur?
629 2447 823 2511 Agitur
845 2446 908 2495 de
931 2445 1221 2510 parricidio,
1244 2445 1379 2508 quod
1399 2444 1512 2492 sine
1534 2443 1714 2492 multis

218 2529 384 2578 causis
412 2526 603 2591 suscipi
624 2542 730 2575 non
751 2530 923 2589 potest
936 2545 950 2582 ;
986 2525 1124 2588 apud
1146 2524 1376 2573 homines
1399 2527 1571 2571 autem
1594 2539 1713 2586 pru-

219 2606 543 2655 dentissimos
559 2604 746 2668 agitur,
762 2602 854 2666 qui
871 2603 1189 2666 intellegunt
1205 2601 1462 2651 neminem
1479 2618 1544 2650 ne
1562 2601 1708 2649 mini·

219 2701 357 2734 mum
383 2684 592 2749 quidem
614 2682 922 2731 maleficium
945 2682 1055 2731 sine
1079 2699 1230 2731 causa
1251 2681 1537 2730 admittere.
