1832 2970
652 86 742 122 PRo
775 86 936 121 Roscio
969 86 1206 122 nummo·
1607 76 1664 120 11

171 218 358 253 nomen
380 200 535 251 huius
559 200 621 249 de
644 199 920 265 parricidio
943 201 1215 259 deferrent,
1241 204 1302 248 ut
1325 200 1390 248 ad
1427 216 1539 248 eam
1562 217 1669 249 rem

169 282 391 347 aliquem
411 284 753 329 accusatorem
777 284 1004 328 veterem
1023 284 1389 344 compararent,
1415 280 1507 344 qui
1530 280 1593 327 dc
1611 297 1671 328 ea

170 379 225 413 re
249 366 419 428 posset
442 360 608 410 dicere
633 359 847 425 aliquid,
872 360 929 408 in
953 376 1056 424 qua
1071 376 1125 408 re
1149 360 1295 408 nulla
1319 360 1549 409 subesset
1564 377 1672 408 sus-

170 442 304 507 picio
318 461 332 500 ;
371 440 593 504 denique
629 444 705 498 ut,
743 440 987 503 quoniam
1024 439 1239 488 crimine
1274 456 1378 488 non
1415 444 1669 504 poterant,

170 527 396 586 tempore
426 520 538 584 ipso
573 524 884 584 pugnarent.
954 519 1040 567 Ita
1061 517 1206 582 loqui
1239 519 1499 568 homines:
1536 520 1672 583 quod

168 599 359 649 iudicia
393 604 500 648 tarn
523 600 613 648 diu
650 599 785 648 facta
824 614 929 647 non
970 602 1154 656 essent,
1193 598 1518 647 condemnari
1556 615 1673 647 eum

167 684 414 745 oportere,
431 679 523 745 qui
540 679 741 744 primus
755 678 812 726 in
830 678 1082 727 iudicium
1100 678 1353 727 adductus
1369 683 1500 727 esset
1518 698 1531 736 3
1550 678 1674 726 huic

168 765 341 809 autem
377 764 618 825 patronos
658 763 869 825 propter
906 757 1231 822 Chrysogoni
1269 758 1494 823 gratiam
1530 758 1674 806 desu—

167 843 341 898 turos;
381 840 444 889 de
480 840 740 888 bonorum.
754 838 1056 888 venditione
1096 843 1150 886 et
1187 839 1249 887 de
1289 838 1392 887 ista
1432 837 1674 887 societate

166 920 383 968 verbum
406 935 512 968 esse
546 919 804 967 facturum
837 917 1123 976 neminem;
1147 917 1261 982 ipso
1283 917 1489 967 nomine
1512 918 1674 982 parri-

169 998 292 1048 cidii
315 1002 368 1047 et
391 998 662 1047 atrocitate
684 997 916 1046 criminis
940 998 1048 1046 fore
1078 1002 1140 1045 ut
1174 998 1260 1046 hic
1287 997 1434 1046 nullo
1463 998 1673 1062 negotio

168 1077 453 1136 tolleretur,
490 1094 607 1126 cum
646 1077 710 1125 ab
749 1076 897 1125 nullo
933 1077 1173 1126 defensus
1197 1081 1341 1125 esset.
1410 1078 1523 1126 Hoc
1558 1094 1673 1126 con-
1695 1078 1756 1126 29

170 1156 287 1206 silio
305 1161 462 1221 atque
479 1157 604 1206 adeo
627 1155 724 1205 hac
748 1156 974 1205 amentia
988 1156 1217 1220 impulsi,
1243 1173 1396 1220 quem
1419 1156 1536 1221 ipsi,
1556 1173 1674 1206 cum

170 1241 432 1301 cuperent,
457 1252 562 1285 non
585 1240 871 1300 potuerunt
906 1236 1147 1294 occidere,
1174 1252 1292 1285 eum
1326 1236 1674 1300 iugulandum

169 1315 315 1365 vobis
337 1315 678 1364 tradiderunt.

235 1394 334 1443 XI.
371 1394 507 1453 Quid
529 1394 758 1458 primum
782 1396 1003 1458 querar?
1042 1399 1134 1442 aut
1168 1395 1306 1443 unde
1329 1395 1671 1459 potissimum,

168 1474 379 1533 iudices,
421 1475 626 1524 ordiar?
661 1478 754 1523 aut
790 1475 928 1539 quod
968 1479 1061 1523 aut
1098 1492 1128 1524 a
1179 1476 1369 1540 quibus
1419 1476 1673 1525 auxilium

167 1557 378 1618 petam?
443 1554 733 1603 Deorumne
755 1554 1142 1614 immortalium,
1167 1555 1415 1620 populine
1438 1557 1670 1616 Romani,

167 1638 475 1692 vestramne,
532 1634 623 1698 qui
670 1651 920 1684 summam
970 1639 1281 1699 potestatem
1326 1635 1530 1685 habetis
1575 1636 1673 1686 hoc

167 1718 410 1779 tempore,
449 1715 603 1763 fidem
650 1715 957 1779 implorem?
1024 1717 1178 1765 Pater
1222 1716 1416 1765 occisus
1459 1717 1670 1775 nefarie,
1696 1721 1757 1769 30

167 1794 347 1843 domus
370 1795 570 1843 obsessa
593 1795 657 1843 ab
692 1795 931 1854 inimicis,
973 1796 1106 1844 bona
1141 1796 1392 1860 adempta,
1428 1813 1671 1861 possessa,

169 1873 386 1938 direpta,
411 1874 510 1921 filii
543 1874 656 1922 vita
691 1874 899 1932 infesta,
938 1891 1088 1940 saepe
1112 1876 1248 1924 ferro
1279 1880 1435 1939 atque
1469 1876 1673 1925 insidiis

169 1954 416 2018 adpetita.
487 1953 624 2012 Quid
646 1954 712 2002 ab
734 1954 819 2003 his
853 1959 934 2004 tot
970 1956 1236 2005 maleficiis
1270 1956 1476 2005 sceleris
1499 1957 1672 2006 abesse

169 2034 414 2083 videtur?
482 2034 676 2083 Tamen
699 2034 827 2084 haec
850 2035 970 2084 aliis
992 2036 1206 2086 nefariis
1225 2037 1494 2086 cumulant
1516 2042 1673 2101 atque

169 2115 460 2180 adaugent:
496 2115 689 2164 crimen
727 2115 1032 2166 incredibile
1065 2117 1386 2182 confingunt,
1424 2122 1582 2167 testes
1617 2119 1673 2166 in

170 2194 311 2244 hunc
333 2199 387 2244 et
409 2200 723 2245 accusatores
746 2195 959 2246 huiusce
977 2198 1194 2261 pecunia
1212 2202 1523 2262 comparant,
1539 2198 1674 2247 hanc

171 2275 517 2324 condicionem
555 2275 739 2324 misero
785 2277 961 2325 ferunt
1006 2282 1069 2326 ut
1114 2282 1272 2343 optet,
1313 2282 1491 2326 utrum
1524 2278 1675 2326 malit

170 2354 392 2404 cervices
428 2355 485 2403 Τ.
511 2355 691 2404 Roscio
723 2356 844 2405 dare
882 2373 948 2406 an
985 2357 1192 2406 insutus
1229 2358 1286 2406 in
1322 2358 1546 2407 culleum
1581 2375 1673 2423 per

170 2451 427 2485 summum
471 2436 687 2484 dedecus
730 2437 896 2486 vitam
940 2438 1191 2486 amittere.
1259 2438 1505 2487 Patronos
1549 2438 1672 2486 huic

171 2515 437 2565 defuturos
459 2520 809 2581 putaverunt;
844 2518 1033 2566 desunt
1054 2537 1063 2566 :
1105 2518 1196 2582 qui
1218 2518 1378 2567 libere
1401 2518 1552 2577 dicat,
1577 2519 1668 2582 qui

171 2611 287 2644 cum
311 2595 411 2644 fide
433 2595 690 2654 defendat,
707 2595 762 2644 id
785 2597 921 2661 quod
943 2597 1000 2645 in
1022 2597 1119 2646 hac
1144 2614 1294 2646 causa
1310 2598 1436 2647 satis
1459 2601 1551 2656 est,
1566 2614 1667 2646 non

171 2674 314 2724 deest
351 2676 592 2740 profecto,
630 2675 840 2725 iudices.
908 2677 979 2725 Et
1022 2677 1237 2727 forsitan
1260 2678 1315 2725 in
1351 2678 1673 2743 suscipienda
1696 2678 1750 2727 31
