1832 2970
235 82 298 129 22
710 97 799 132 PRO
833 97 994 133 Roscm
1026 98 1264 134 nummo·

230 211 485 260 neminem
530 227 719 269 eorum,
766 212 857 276 qui
902 218 1115 277 possunt
1159 219 1212 263 et
1256 215 1437 272 solent,
1485 215 1561 263 ita
1604 232 1727 281 neg·

228 290 406 354 legens
457 305 564 338 esse
619 291 801 353 coepit,
849 296 924 349 ut,
971 308 1086 341 cum
1142 293 1199 341 in
1255 298 1479 342 mentem
1523 294 1727 344 veniret

228 368 289 426 ei,
361 369 620 426 resideret,
692 369 875 418 deinde
943 371 1267 434 spatiaretur,
1340 389 1725 437 nonnumquam

229 448 386 496 etiam
414 464 630 512 puerum
660 454 881 507 vocaret,
915 451 1079 508 credo,
1105 451 1190 500 cui
1224 468 1401 500 cenam
1434 452 1724 516 imperaret,

227 542 434 590 prorsus
487 533 547 576 ut
591 534 763 578 vestro
806 546 1043 578 consessu
1090 535 1142 578 et
1187 531 1283 580 hoc
1329 537 1587 580 conventu
1632 548 1725 596 pro

140 613 200 661 60
225 622 423 656 summa
477 608 756 658 solitudine
812 610 1126 659 abuteretur.
1218 611 1400 661 XXII.
1459 612 1725 660 Peroravit

225 687 516 751 aliquando,
563 688 792 737 adsedit:
851 690 1052 737 surrexi
1092 706 1201 754 ego.
1270 690 1543 755 Respirare
1579 690 1723 739 visus

224 771 318 825 est,
365 768 499 830 quod
542 784 646 816 non
691 768 822 816 alius
867 769 1036 832 potius
1077 770 1283 818 diceret.
1352 769 1509 834 Coepi
1543 770 1721 819 dicere.

226 846 401 911 Usque
447 863 505 896 eo
541 848 901 906 animadverti,
943 848 1152 907 iudices,
1199 866 1318 898 eum
1351 850 1521 898 iocari
1565 855 1724 912 atque

224 926 352 975 alias
374 943 454 975 res
481 943 648 991 agere,
673 931 795 976 ante
818 944 973 991 quam
998 927 1392 992 Chrysogonum
1424 930 1688 978 nominavi
1709 949 1721 978 :

225 1022 377 1068 quem
412 1007 568 1055 simul
613 1011 770 1070 atque
816 1007 990 1071 attigi,
1038 1008 1218 1056 statim
1263 1008 1412 1057 homo
1452 1025 1505 1057 se
1542 1011 1723 1069 erexit,

222 1085 400 1134 mirari
438 1086 584 1134 visus
622 1091 716 1137 est.
785 1086 1048 1144 Intellexi,
1081 1087 1207 1151 quid
1247 1104 1362 1136 eum
1402 1089 1721 1153 pupugisset.

222 1165 420 1214 Iterum
444 1182 504 1214 ac
526 1166 682 1214 tertio
704 1166 985 1216 nominavi.
1054 1167 1236 1216 Postea
1265 1167 1497 1216 homines
1520 1185 1721 1217 cursare

221 1246 359 1294 ultro
382 1251 434 1294 et
457 1246 589 1294 citro
611 1263 714 1296 non
737 1248 1064 1308 destiterunt,
1086 1249 1248 1306 credo,
1274 1250 1365 1312 qui
1389 1248 1721 1314 Chrysogono

219 1326 521 1374 nuntiarent
556 1343 663 1375 esse
698 1327 922 1390 aliquem
955 1328 1013 1375 in
1039 1328 1268 1387 civitate,
1297 1329 1389 1392 qui
1421 1334 1598 1378 contra
1628 1347 1722 1378 vo-

219 1405 477 1454 luntatem
522 1406 633 1454 eius
679 1406 847 1455 dicere
892 1407 1135 1456 auderet:
1182 1408 1336 1457 aliter
1381 1425 1586 1458 causam
1632 1410 1722 1474 agi

221 1490 375 1549 atque
399 1485 490 1534 ille
514 1486 863 1544 existimaret3
899 1486 1090 1552 aperiri
1120 1488 1368 1537 bonorum
1392 1490 1717 1553 emptionem,

220 1566 399 1614 vexari
443 1567 658 1630 pessime
703 1567 1013 1626 societatem,
1055 1568 1278 1632 gratiam
1333 1570 1718 1635 potentiamque

221 1644 330 1693 eius
375 1645 599 1709 neglegi,
647 1646 842 1694 iudices
887 1646 1168 1711 diligenter
1212 1648 1493 1707 attendere,
1528 1650 1718 1714 populo

135 1735 193 1783 61
221 1741 329 1773 rem
352 1725 622 1790 indignam
645 1726 827 1774 videri.
897 1726 1037 1784 Quae
1060 1727 1303 1791 quoniam
1325 1733 1379 1777 te
1403 1728 1715 1789 fefellerunt,

222 1805 396 1862 Eruci,
421 1805 764 1870 quoniamque
786 1806 932 1855 vides
968 1796 1117 1855 versa
1153 1824 1260 1857 esse
1297 1808 1484 1866 omnia,
1508 1825 1714 1858 causam

218 1900 310 1947 pro
356 1884 470 1933 Sex.
517 1885 713 1943 Roscio,
751 1885 797 1933 si
832 1902 936 1934 non
963 1887 1236 1945 commode,
1264 1891 1319 1935 at
1352 1887 1512 1936 libere
1546 1887 1716 1937 dici—

219 1979 370 2026 quem
415 1963 533 2012 dedi
570 1965 803 2028 putabas,
845 1965 1054 2013 defendi
1097 1965 1390 2031 intellegis;
1439 1983 1566 2030 quos
1610 1972 1714 2016 tra-

219 2045 418 2093 dituros
463 2046 718 2109 sperabas,
763 2046 908 2094 vides
962 2046 1190 2096 iudicare
1209 2048 1507 2097 :—restitue
1564 2049 1714 2098 nobis

219 2125 497 2189 aliquando
537 2130 763 2173 veterem
808 2130 953 2174 tuam
993 2126 1138 2174 illam
1178 2127 1516 2178 calliditatem
1555 2132 1713 2192 atque

218 2205 579 2268 prudentiam3
633 2206 872 2254 confitere
928 2206 1029 2254 huc
1076 2223 1135 2255 ea
1180 2223 1270 2271 spe
1313 2208 1528 2266 venisse,
1577 2209 1713 2271 quod

218 2290 425 2349 putares
447 2285 534 2333 hic
557 2285 1020 2344 latrocinium,'non
1043 2287 1292 2336 iudicium
1315 2289 1565 2336 futurum.

133 2359 192 2407 62
283 2365 361 2414 De
396 2365 670 2429 parricidio
709 2382 860 2414 causa
897 2366 1116 2414 dicitur:
1152 2367 1286 2415 ratio
1321 2368 1386 2416 ab
1421 2373 1711 2417 accusatore

217 2446 418 2494 reddita
439 2462 542 2494 non
565 2451 658 2505 est,
683 2462 837 2509 quam
874 2447 937 2494 ob
974 2463 1176 2495 causam
1199 2451 1398 2511 patrem
1420 2447 1559 2495 filius
1583 2449 1710 2497 occi-

217 2526 366 2576 derit.
435 2525 580 2585 Quod
601 2526 659 2574 in
681 2525 909 2573 minimis
945 2527 1114 2575 noxiis
1153 2531 1207 2574 et
1242 2526 1300 2573 in
1322 2526 1404 2575 his
1427 2526 1709 2576 levioribus

138 2622 142 2625 ’
216 2606 452 2669 peccatis,
475 2623 603 2669 quae
625 2606 791 2670 magis
827 2606 1002 2654 crebra
1038 2611 1089 2654 et
1125 2606 1228 2654 iam
1261 2622 1418 2670 prope
1452 2606 1709 2655 cotidiana

217 2688 352 2744 sunt,
378 2684 461 2734 vel
485 2685 704 2734 maxime
727 2689 780 2734 et
814 2685 1039 2749 primum
1072 2685 1353 2748 quaeritur,
1381 2702 1519 2748 -quae
1556 2701 1707 2735 causa
