1832 2970
546 100 636 135 PRo
669 99 831 135 Rosc1o
864 99 1103 134 AMERmo.
1512 87 1569 133 19

69 217 356 281 pertineat:
414 232 532 265 nam
576 214 685 274 illa,
732 215 927 280 opinor,
975 220 1035 264 tu
1086 231 1287 279 quoque
1335 213 1570 264 concedis

70 297 208 346 levia
243 313 350 346 esse
385 301 539 360 atque
578 295 781 359 inepta:
833 301 846 322 ‘
865 294 1102 344 convivia
1134 311 1248 343 cum
1282 298 1429 359 patre
1468 309 1571 341 non

70 377 267 425 inibat’
283 395 296 435 ;
343 375 549 439 qliippe,
586 375 677 438 qui
715 391 782 423 ne
828 374 884 421 in
914 374 1173 438 'oppidum
1217 373 1422 437 quidem
1468 372 1572 420 nisi

73 472 278 520 perraro
322 454 522 502 veniret
540 473 553 511 ;
570 482 637 489 —
651 461 662 480 ⁶
679 454 884 502 domum
923 469 1067 501 suam
1112 453 1270 501 istum
1316 469 1419 501 non
1469 452 1573 500 fere

73 537 342 600 quisquam
365 534 583 582 vocabat
601 533 642 581 ἐ
677 548 771 581 1160
795 532 999 590 mirum,
1026 531 1118 595 qui
1154 548 1320 595 neque
1356 533 1414 579 in
1449 532 1574 579 urbe

74 615 272 663 viveret
294 629 460 677 neque
482 616 812 661 revocaturus
835 616 982 660 esset.
1043 611 1195 660 XIX..
1232 612 1427 660 Verum
1450 610 1575 658 hacc

74 699 134 743 tu
181 710 382 758 quoque
426 692 691 757 intellegis
736 708 844 740 esse
889 690 1193 759 nugatoria:
1243 690 1395 750 illud,
1439 690 1575 753 quod

75 773 342 837 coepimus,
379 773 659 831 videamus,
698 782 798 836 quo
837 771 1027 820 certius
1064 775 1428 835 argumentum
1470 769 1577 817 odii

75 853 288 918 reperiri
342 852 489 901 nullo
545 853 692 901 modo
748 857 932 916 potest.
1018 858 1030 878 ‘
1050 851 1378 900 Exheredare
1429 853 1577 914 pater
1605 849 1663 897 53

75 934 243 982 filium
281 933 569 997 cogitabat.'
641 932 797 981 Mitto
843 947 1100 996 quaerere,
1139 948 1242 995 qua
1289 931 1352 979 de
1393 945 1578 978 causa:

79 1029 280 1076 quaero,
304 1012 395 1075 qui
417 1012 561 1070 scias,
585 1012 791 1060 tametsi
815 1016 867 1060 te
891 1012 1061 1060 dicere
1092 1017 1246 1074 atque
1281 1025 1577 1059 enumerare

79 1107 254 1141 causas
289 1107 461 1140 omnes
489 1091 771 1154 oportebat,
807 1096 861 1139 et
894 1091 947 1139 id
984 1096 1095 1139 erat
1119 1092 1246 1140 certi
1271 1088 1581 1138 accusatoris

79 1170 311 1228 officium,
336 1170 427 1233 qui
450 1170 587 1218 tanti
611 1169 815 1218 sceleris
837 1174 1093 1234 argueret,
1119 1169 1375 1234 explicare
1410 1168 1583 1216 omnia

80 1250 211 1298 vitia
233 1266 292 1297 ac
315 1254 521 1313 peccata
539 1249 652 1307 filii,
672 1249 860 1312 quibus
883 1250 1121 1298 incensus
1145 1265 1330 1313 parens
1353 1248 1584 1312 potuerit

82 1329 310 1378 animum
350 1329 606 1389 inducere,
653 1333 714 1376 ut
757 1333 998 1378 naturam
1036 1329 1202 1393 ipsam
1241 1330 1487 1386 vinceret,
1524 1332 1584 1375 ut

82 1425 305 1458 amorem
327 1409 478 1457 illum
501 1409 710 1473 penitus
745 1408 962 1456 insitum
996 1409 1183 1457 eiceret
1217 1425 1280 1457 ex
1314 1407 1500 1465 animo,
1527 1412 1585 1454 ut

83 1489 302 1552 denique
341 1493 540 1553 patrem
574 1504 682 1537 esse
716 1505 824 1536 sese
847 1488 1266 1547 oblivisceretur,
1309 1504 1440 1552 quae
1477 1487 1586 1535 sine

82 1569 285 1632 magnis
351 1569 563 1617 huiusce
624 1568 847 1632 peccatis
911 1569 1139 1617 accidere
1195 1568 1423 1632 potuisse
1482 1583 1587 1615 non

83 1649 319 1697 arbitror.
389 1649 581 1698 Verum
637 1649 853 1697 concedo
909 1648 1011 1696 tibi
1061 1653 1123 1696 ut
1179 1665 1238 1696 ea
1283 1653 1585 1712 praetereas,
1611 1651 1670 1699 54

83 1745 229 1792 quae,
253 1745 370 1778 011111
391 1733 546 1788 taces,
571 1728 720 1777 nulla
750 1745 858 1777 esse
890 1729 1124 1777 concedis
1143 1747 1152 1776 :
1171 1728 1323 1775 >illud
1361 1729 1583 1792 quidem,

83 1809 308 1858 voluisse
343 1809 668 1867 exheredare,
694 1813 832 1857 certe
873 1814 933 1856 tu
970 1809 1183 1873 planum
1219 1809 1386 1856 facere
1417 1809 1584 1856 debes.

87 1890 224 1947 Quid
245 1906 367 1954 ergo
390 1891 575 1947 adfers,
600 1906 704 1953 qua
725 1905 781 1937 re
803 1888 858 1936 id
887 1889 1083 1936 factum
1110 1890 1387 1952 putemus?
1453 1888 1587 1937 Vere

88 1969 224 2017 nihil
245 1975 396 2033 potes
422 1969 603 2018 dicere.
672 1969 840 2032 Finge
867 1968 1067 2031 aliquid
1101 1968 1283 2017 saltem
1318 1968 1586 2021 commode.

88 2054 148 2097 ut
192 2064 257 2096 ne
295 2049 447 2113 plane
486 2048 708 2096 videaris
741 2048 797 2096 id
828 2048 1009 2106 facere,
1050 2048 1188 2112 quod
1227 2053 1404 2112 aperte
1445 2048 1588 2107 facis,

87 2129 245 2177 huius
283 2129 456 2177 miseri
501 2128 723 2177 fortunis
769 2133 823 2177 et
869 2128 1065 2187 horum,
1113 2128 1341 2177 virorum
1388 2129 1589 2179 talium.

89 2208 338 2274 dignitati
360 2209 605 2258 inludere.
666 2208 991 2256 Exheredare
1014 2208 1180 2256 filium
1194 2208 1376 2257 voluit.
1426 2207 1591 2267 Quam

89 2289 155 2338 ob
177 2292 417 2337 causam?
440 2295 452 2315 ⁶
471 2289 518 2336 N
521 2287 681 2337 escio?
746 2288 1198 2337 Exheredavitne?
1222 2295 1235 2315 ‘
1251 2288 1399 2337 Non.’
1463 2288 1594 2346 Quis

90 2368 388 2433 prohibuit?
424 2373 436 2394 ‘
456 2367 757 2432 Oogitabat.’
806 2367 905 2416 Oui
928 2368 1097 2417 dixit?
1144 2372 1157 2394 ‘
1176 2369 1223 2415 N
1228 2368 1416 2416 emini.’
1454 2367 1590 2426 Quid

92 2452 170 2496 est
192 2447 334 2496 aliud
357 2447 546 2497 iudicio
569 2464 627 2496 ac
649 2448 852 2512 legibus
874 2463 934 2496 ac
958 2448 1223 2496 maiestate
1247 2452 1427 2495 vestra
1445 2448 1590 2495 abuti

93 2529 156 2578 ad
203 2533 470 2592 quaestum
516 2533 671 2591 atque
716 2528 782 2576 ad
825 2527 1110 2586 libidinem,
1155 2527 1258 2576 nisi
1303 2527 1400 2575 hoc
1445 2527 1595 2575 modo

94 2624 330 2658 accusare
352 2613 509 2672 atque
543 2609 598 2656 id
626 2607 838 2666 obicere,
863 2608 999 2671 quod
1036 2608 1248 2672 planum
1287 2607 1452 2655 facere
1489 2622 1593 2655 non

95 2689 241 2738 modo
262 2705 366 2737 non
389 2689 567 2753 possis,
591 2703 772 2737 verum
802 2703 869 2736 ne
900 2688 1099 2737 coneris
1122 2688 1367 2751 quidem?
1433 2687 1593 2738 Nemo
1621 2692 1676 2739 55

1272 2770 1363 2817 02
