1832 2970
146 99 208 145 10
620 108 710 143 rizo
742 108 903 143 Roscm
935 107 1176 143 numum.

142 223 376 273 homines
407 223 605 272 nobiles
629 223 852 287 adlegat,
889 223 954 271 ab
985 222 1050 271 iis
1086 221 1177 286 qui
1213 226 1448 286 peterent
1477 237 1543 270 ne
1576 221 1661 270 ad·

145 303 342 354 Sullam
357 304 576 362 adirent,
593 308 646 353 et
661 304 832 353 omnia
856 303 1263 367 Chrysogonum,
1282 319 1411 366 quae
1427 302 1640 361 vellent,

58 388 119 436 26
144 400 252 433 esse
267 384 526 432 facturum
550 383 931 448 pollicerentur.
971 399 976 404 ’
1001 383 1180 447 Usque
1204 384 1328 432 adeo
1352 387 1525 430 autem
1549 382 1640 431 ille

140 464 491 528 pertimuerat,
540 468 602 511 ut
645 463 776 512 mori
828 463 1008 511 mallet
1059 479 1214 526 quam
1258 464 1320 511 de
1370 462 1453 510 his
1487 462 1640 510 rebus

144 542 343 592 Sullam
367 542 550 591 doceri.
620 542 870 592 Homines
893 542 1114 605 antiqui,
1140 542 1233 607 qui
1256 559 1320 591 ex
1343 559 1436 590 sua
1452 546 1641 589 natura

142 627 342 672 ceteros·
378 622 649 687 fingerent,
686 639 802 671 cum
834 622 925 671 ille
959 622 1282 671 confirmaret
1315 638 1421 671 sese
1455 637 1639 668 nomen

143 702 259 752 Sex.
299 702 469 752 Roscii
509 702 572 751 de
599 702 793 751 tabulis
821 706 1194 765 exempturum,
1235 701 1443 765 praedia
1476 717 1639 748 vacua

141 782 250 831 filio
271 782 603 840 traditurum,
627 798 844 845 cumque
878 781 934 830 id
967 782 1044 830 ita
1067 782 1303 829 futurum
1340 782 1400 829 Τ.
1425 780 1640 829 Roscius

143 861 341 926 Capito,
367 861 459 925 qui
482 861 539 908 in
557 861 729 910 decem
751 861 939 925 legatis
962 865 1086 919 erat,
1112 861 1514 924 adpromitteret‚
1535 876 1639 908 cre-

143 942 388 991 diderunt
407 961 418 990 ;
443 941 704 991 Ameriam
722 938 777 990 re
791 942 993 989 inorata
1009 944 1350 989 reverterunt.
1380 939 1457 986 Ac
1474 939 1640 1003 primo

142 1038 251 1070 rem
275 1021 478 1070 differre
502 1021 688 1069 cotidie
722 1037 781 1069 ac
814 1020 1188 1084 procrastinare
1222 1019 1314 1067 isti
1348 1023 1639 1082 coeperunt,

144 1100 328 1150 deinde
351 1100 618 1164 aliquanto
632 1099 826 1148 lentius
842 1099 1024 1165 [nihil]
1044 1116 1194 1164 agere
1212 1103 1367 1162 atque
1385 1098 1639 1156 deludere,

142 1186 413 1246 postremo,
450 1181 507 1228 id
552 1181 689 1244 quod
724 1180 875 1228 facile
920 1179 1247 1228 intellectum
1285 1184 1378 1237 est,
1425 1178 1641 1227 insidias

142 1261 283 1310 vitae
319 1260 533 1309 huiusce
558 1260 695 1325 [Sex.
720 1260 915 1324 Roscii]
940 1276 1134 1323 parare,
1159 1276 1328 1322 neque
1363 1275 1470 1307 sese
1505 1258 1641 1306 arbi-

138 1341 269 1390 trari
277 1357 422 1406 posse
441 1340 531 1388 diu
537 1340 637 1388 tius
656 1340 877 1388 alienam
889 1339 1159 1403 pecuniam
1173 1338 1379 1387 domino
1395 1338 1642 1386 incolumi

140 1420 384 1470 obtinere.

56 1509 117 1557 2¹7
206 1500 274 1550 X.
311 1500 458 1559 Quod
488 1498 575 1547 hic
598 1497 912 1561 simulatque
936 1497 1110 1555 sensit,
1136 1497 1199 1545 de
1222 1497 1500 1545 amicorum
1524 1514 1640 1562 cog-

141 1585 482 1643 natorumque
532 1577 791 1628 sententia
827 1578 1040 1626 Romam
1071 1576 1307 1640 confugit
1343 1581 1396 1624 et
1432 1593 1540 1624 sese
1575 1577 1641 1624 ad

143 1659 415 1710 Caeciliam
473 1657 710 1724 [Nepotis
765 1656 968 1721 filiam],
1020 1673 1176 1720 quam
1222 1655 1432 1703 honoris
1489 1671 1641 1703 causa

141 1740 363 1798 nomino,
388 1738 623 1796 contulit,
649 1753 750 1801 qua
784 1741 931 1802 pater
952 1752 1077 1785 usus
1101 1740 1212 1784 erat
1233 1735 1516 1799 plurimum
1537 1753 1547 1782 :
1583 1735 1640 1782 in

140 1836 244 1884 qua
280 1819 511 1877 muliere,
549 1816 759 1875 iudices,
798 1816 955 1865 etiam
1003 1832 1156 1873 nunc,
1192 1815 1247 1862 id
1284 1815 1421 1879 quod
1468 1830 1640 1863 omnes

140 1916 337 1963 semper
359 1898 803 1955 existimaverunt,
830 1896 979 1960 quasi
997 1895 1219 1959 exempli
1243 1911 1395 1944 causa
1417 1894 1641 1959 vestigia

139 1977 345 2042 antiqui
367 1978 519 2026 officii
545 1981 825 2027 remanent.
895 1977 972 2024 Ea
1007 1976 1122 2026 Sex.
1158 1975 1397 2024 Roscium
1419 1975 1639 2039 inopem,

139 2058 360 2107 eiectum
394 2058 542 2106 domo
577 2061 732 2120 atque
766 2056 1039 2121 expulsum
1070 2072 1136 2104 ex
1162 2055 1269 2103 suis
1303 2055 1465 2111 bonis,
1504 2054 1642 2119 fugi-

139 2141 310 2187 entem
333 2137 594 2185 latronum
617 2136 722 2185 tela
762 2140 816 2184 et
855 2135 1035 2192 minas,
1061 2135 1249 2199 recipit
1282 2135 1488 2183 domum
1528 2134 1641 2182 hos·
1699 2122 1702 2124 v

140 2217 341 2282 pitique
398 2231 636 2281 oppresso
692 2215 797 2264 iam
854 2215 1225 2279 desperatoque
1282 2216 1348 2263 ab
1404 2215 1640 2263 omnibus

139 2297 395 2362 opitulata
431 2300 523 2345 est.
592 2295 721 2344 Eius
748 2294 960 2352 virtute,
999 2294 1113 2352 fide,
1140 2294 1412 2359 diligentia
1446 2294 1640 2342 factum

137 2381 229 2435 est,
276 2382 338 2425 ut
373 2377 459 2425 hic
494 2376 666 2441 potius
703 2376 857 2424 vivus
893 2375 950 2423 in
992 2391 1103 2424 reos
1140 2392 1295 2439 quam
1342 2374 1537 2423 occisus
1582 2374 1638 2421 in

55 2465 116 2511 28
139 2457 450 2522 proscriptos
467 2457 756 2505 referretur.
825 2455 958 2505 Nam
992 2459 1266 2519 postquam
1288 2454 1379 2502 isti
1400 2454 1619 2502 intellex

139 2541 292 2584 erunt
315 2553 513 2585 summa
543 2534 818 2599 diligentia
853 2534 1018 2582 vitam
1056 2534 1170 2584 Sex.
1195 2533 1366 2583 Roscii
1390 2533 1639 2581 custodiri

137 2632 304 2679 neque
344 2615 444 2664 sibi
467 2615 630 2664 ullam
655 2613 823 2663 caedis
862 2613 1132 2662 faciundae
1168 2616 1475 2677 potestatem
1510 2612 1637 2670 dari,

138 2693 409 2743 consilium
449 2698 695 2758 ceperunt
727 2693 937 2757 plenum
973 2692 1176 2741 sceleris
1215 2696 1267 2739 et
1301 2693 1554 2749 audaciae,
1579 2696 1640 2740 ut
