1832 2970
539 112 626 149 PRO
659 110 818 147 Roscm
853 109 1089 146 AMERmo.
1505 96 1567 141 49

78 229 268 290 nocuit,
293 228 447 277 urbes
480 226 687 283 delevit,
713 226 889 290 fruges
924 223 1169 290 perdidit,
1195 237 1411 287 quorum
1435 219 1572 269 nihil

77 308 294 375 pernicii
317 323 467 357 causa
500 305 681 354 divino
722 305 948 362 consilio,
975 305 1061 353 sed
1085 304 1141 351 vi
1165 304 1275 368 ipsa
1298 307 1351 351 et
1373 300 1573 366 magni-

79 387 258 438 tudine
293 402 464 436 rerum
500 385 694 434 sactum
731 389 988 449 putamus,
1013 389 1069 432 at
1099 388 1275 432 contra
1297 380 1572 439 commoda,

77 467 266 531 quibus
288 465 498 523 utimur,
524 464 806 529 lucemque,
831 480 933 528 qua
958 463 1196 522 fruimur,
1215 462 1574 526 spiritumque,

77 564 231 612 quem
253 546 501 604 ducimus,
526 545 591 593 ab
614 561 672 593 eo
694 544 841 593 nobis
865 543 978 593 dari
994 548 1148 607 atque
1163 541 1422 605 impertiri
1436 540 1576 589 vide-

79 644 219 676 mus:
255 625 382 689 quid
415 624 679 682 miramur,
713 624 924 683 iudices,
953 624 1012 672 L.
1045 622 1257 681 Sullam,
1282 638 1398 670 cum
1438 621 1576 671 solus

80 722 186 756 rem
202 703 461 769 publicam
478 707 679 767 regeret
702 703 975 766 orbemque
994 707 1246 750 terrarum
1264 701 1577 765 gubernaret

79 785 385 850 imperiique
407 783 744 843 maiestatem,
769 799 924 846 quam
963 781 1121 830 armis
1147 786 1425 845 receperat,
1449 780 1577 844 legi-

79 865 174 913 bus
198 864 534 920 confirmaret‚
559 861 736 925 aliqua
760 862 1171 910 animadvertere
1185 877 1289 909 non
1312 860 1540 924 potuisse
1556 863 1578 908 ⁴?

79 943 182 993 nisi
221 943 316 992 hoc
354 941 545 991 mirum
582 947 674 999 est,
709 941 846 1004 quod
886 940 968 989 vis
1005 940 1186 988 divina
1224 938 1439 1003 adsequi
1474 955 1578 987 non

81 1023 261 1088 possit,
286 1022 332 1071 si
362 1023 418 1071 id
447 1038 590 1071 mens
618 1021 844 1069 humana
876 1021 1063 1084 adepta
1093 1035 1196 1069 non
1227 1020 1314 1068 sit.
1382 1019 1578 1069 Verum
1600 1018 1692 1067 132

81 1108 144 1152 ut
165 1103 293 1152 haec
327 1102 482 1151 missa
522 1100 722 1159 faciam,
754 1116 884 1164 quae
924 1100 1028 1148 iam
1059 1098 1196 1149 sacta
1226 1103 1366 1158 sunt,
1399 1115 1463 1147 ex
1496 1098 1577 1158 iis,

81 1197 214 1245 quae
246 1198 384 1230 nunc
424 1197 542 1229 cum
581 1179 803 1228 maxime
839 1179 989 1236 fiunt,
1013 1195 1182 1227 nonne
1213 1177 1388 1241 quivis
1411 1181 1583 1241 potest

84 1261 387 1325 intellegere
431 1261 662 1310 omnium
701 1258 1040 1307 architectum
1081 1263 1134 1307 ot
1173 1257 1579 1305 machinatorem

84 1357 243 1389 unum
287 1357 395 1390 esse
441 1340 846 1404 Chrysogonum,
894 1338 987 1401 qui
1028 1336 1143 1387 Sex.
1179 1335 1352 1385 Roscii
1395 1351 1579 1385 nomen

83 1421 417 1471 deferendum
453 1420 672 1476 curavit,
714 1419 861 1469 cuius
901 1418 1110 1467 honoris
1146 1433 1298 1466 causa
1345 1433 1580 1467 accusare

81 1517 135 1550 se
158 1501 294 1551 dixit
315 1501 567 1550 Erucius?
601 1500 629 1528 ³¹⁶
667 1499 695 1528 ³¹⁶
733 1499 762 1528 '¹‘

149 1581 341 1632 XLVI.
391 1582 420 1611 ³¹*
458 1581 486 1610 '¹‘
523 1581 552 1610 ³¹⁶
601 1586 775 1645 aptam
824 1584 878 1628 et
928 1579 1127 1629 ratione
1175 1578 1476 1643 dispositam
1528 1595 1582 1628 se

83 1661 270 1711 habere
304 1660 618 1721 existimant,
644 1661 736 1724 qui
769 1660 826 1708 in
866 1659 1170 1710 Sallentinis
1210 1664 1303 1708 aut
1341 1660 1395 1707 in
1430 1660 1581 1708 Brut-

85 1742 175 1791 tiis
209 1742 416 1801 habent,
448 1741 584 1791 unde
617 1742 710 1804 vix
745 1745 825 1790 ter
861 1741 917 1788 in
951 1755 1088 1789 anno
1125 1739 1304 1788 audire
1334 1740 1580 1789 nuntium

86 1828 315 1887 possunt.

153 1903 302 1952 Alter
366 1902 467 1952 tibi
531 1899 793 1950 descendit
857 1900 921 1949 de
984 1899 1186 1949 Palatio
1255 1905 1308 1949 et
1368 1901 1580 1949 aedibus
1603 1900 1696 1949 133

88 1981 222 2031 suis:
258 1982 418 2030 habet
450 1981 612 2030 animi
647 1996 797 2030 causa
826 1996 915 2029 rus
946 1996 1214 2029 amoenum
1248 1985 1302 2029 et
1334 1981 1582 2030 suburba-

87 2077 228 2118 num,
266 2061 418 2125 plura
452 2064 716 2125 praeterea
755 2059 963 2124 praedia
1000 2074 1168 2123 neque
1206 2064 1381 2109 tamen
1414 2061 1582 2109 ullum

87 2143 191 2192 nisi
256 2143 580 2207 praeclarum·
631 2146 685 2191 et
740 2141 1121 2206 propinquum3
1179 2142 1358 2192 domus
1390 2144 1583 2192 referta

87 2223 226 2271 vasis
257 2221 539 2271 Corinthiis
569 2226 622 2271 et
649 2221 886 2279 Deliacis,
909 2221 968 2272 in
995 2221 1185 2286 quibus
1219 2226 1298 2271 est
1332 2223 1584 2288 authepsa

87 2303 195 2361 illa,
253 2320 408 2367 quam
453 2307 599 2351 tanto
644 2303 809 2367 pretio
852 2318 1020 2367 nuper
1067 2308 1326 2352 mercatus
1379 2309 1471 2361 est,
1521 2309 1584 2353 ut

87 2383 180 2447 qui
223 2386 621 2447 praetereuntes,
668 2382 794 2446 quid
838 2399 1019 2447 praeco
1062 2383 1374 2441 enuntiaret,
1412 2383 1583 2434 audie-

88 2463 232 2521 bant,
286 2462 504 2511 fundum
553 2461 730 2511 venire
774 2462 1167 2512 arbitrarentur.
1259 2462 1396 2520 Quid
1439 2479 1583 2527 prae-

89 2547 229 2592 terea
271 2542 455 2591 caelati
499 2541 717 2606 argenti,
759 2541 884 2606 quid
927 2542 1189 2607 stragulae
1234 2543 1408 2601 vestis,
1455 2543 1582 2607 quid

90 2620 343 2685 pictarum
370 2621 679 2679 tabularum,
703 2622 828 2685 quid
858 2622 1136 2686 signorum,
1161 2622 1288 2686 quid
1318 2624 1583 2673 marmoris

91 2701 226 2765 apud
261 2700 410 2750 illum
440 2701 637 2765 putatis
674 2703 812 2750 esse?
844 2706 1050 2752 tantum
1082 2702 1291 2763 scilicet,
1330 2707 1582 2767 quantum

1355 2800 1384 2834 E
