1832 2970
243 114 304 164 56
711 130 800 165 PRO
835 130 993 166 Roscm
1028 133 1265 168 Amanum.

129 243 219 294 150
310 243 428 293 LII.
490 245 680 296 Verum
716 245 760 293 si
790 262 821 294 a
852 244 1196 312 Chrysogon0‚
1220 247 1429 307 iudices,
1452 264 1557 298 non
1578 249 1735 314 impe-

245 327 455 383 tramus,
479 329 542 373 ut
576 325 794 389 pecunia
828 330 1005 375 nostra
1040 332 1311 377 contentus
1346 327 1431 387 sit,
1469 328 1633 378 vitam
1669 345 1736 378 ne

243 407 402 468 petat,
440 404 485 452 si
520 404 610 453 ille
648 405 832 453 adduci
868 422 978 454 non·
1010 411 1180 471 potest
1218 412 1293 466 ut,
1332 424 1447 456 cum
1487 407 1735 457 ademerit

241 484 390 532 nobis
431 484 615 546 omnia,
654 501 784 549 quae
817 490 992 534 nostra
1026 492 1174 535 erant
1207 487 1427 552 propria,
1463 504 1530 536 ne
1569 487 1734 536 lucem

243 579 444 627 quoque
479 563 625 623 hanc,
651 581 780 628 quae
816 565 1097 614 communis
1133 572 1225 627 est,
1250 567 1445 632 eripere
1474 567 1665 631 cupiat,
1690 566 1735 615 si

241 659 346 692 11011
367 643 494 693 satis
515 643 672 693 habet
694 645 966 694 avaritiam
989 662 1133 694 suam
1155 646 1370 711 pecunia
1389 646 1607 712 explere,
1631 647 1735 694 nisi

241 722 398 771 etiam
434 723 729 772 crudelitati
764 724 974 789 sanguis
1010 725 1272 790 praebitus
1302 726 1402 775 sit:
1437 743 1599 774 unum
1622 742 1735 790 per-

240 800 459 865 fugium,
496 801 703 861 iudices‚
740 818 844 852 una
882 819 995 868 spes
1034 804 1233 868 reliqua
1271 810 1349 853 est
1385 804 1498 854 Sex.
1536 805 1732 862 Roscio,

239 882 413 930 eadem
448 898 578 946 quae
613 882 690 931 rei
724 883 972 947 publicae,
997 889 1168 932 vestra
1204 884 1426 948 pristina
1456 884 1658 933 bonitas
1681 889 1734 933 et

239 959 598 1019 misericordia,
624 978 755 1025 quae
790 962 835 1010 si
870 967 1058 1020 manet,
1091 963 1224 1012 salvi
1260 964 1417 1012 etiam
1452 980 1590 1012 nunc
1625 980 1735 1012 esse

239 1056 520 1104 possumus.
589 1040 681 1090 Sin
715 1057 776 1090 ea
811 1041 1103 1100 crudelitas,
1129 1059 1259 1106 (11100
1293 1043 1389 1091 1100
1424 1047 1650 1107 tempore
1677 1043 1734 1090 in

239 1136 294 1169 re
329 1120 536 1185 publica
574 1125 779 1169 versata
817 1125 910 1179 est,
951 1126 1147 1171 vestros
1187 1139 1388 1186 (1110(1110
1427 1122 1637 1180 animos,
1677 1123 1732 1171 id

237 1200 375 1264 quod
397 1200 509 1249 fieri
531 1200 755 1264 profecto
777 1216 881 1248 non
903 1204 1085 1264 potest,
1104 1201 1332 1251 duriores
1354 1202 1734 1266 acerbioresque

237 1279 424 1339 reddit,
465 1283 637 1328 actum
681 1284 775 1338 est,
816 1279 1038 1329 iudices:
1091 1280 1229 1330 inter
1268 1281 1401 1331 feras
1445 1281 1609 1330 satius
1654 1286 1733 1330 est

237 1363 458 1409 aetatem
493 1359 676 1423 degere
711 1375 865 1423 quam
901 1360 958 1407 in
988 1359 1085 1409 1100
1106 1364 1254 1409 tanta
1276 1360 1599 1410 immanitate
1621 1377 1734 1409 ver-

126 1442 214 1491 151
237 1439 355 1489 sari.
423 1438 507 1486 Ad
542 1454 719 1486 eamne
754 1454 862 1486 rem
897 1454 989 1487 vos
1024 1439 1272 1488 reservati
1303 1440 1442 1498 estis,
1467 1440 1733 1488 adeamne

236 1536 345 1570 rem
381 1518 583 1576 delecti,
604 1522 667 1567 ut
701 1533 784 1566 eos
820 1518 1238 1578 condemnaretis,
1264 1535 1390 1582 quos
1426 1524 1643 1567 sectores
1674 1535 1734 1566 ac

237 1598 410 1650 sicarii
447 1597 683 1663 iugulare
721 1613 825 1646 non
863 1598 1186 1662 potuissent?
1250 1599 1427 1648 Solent
1470 1599 1566 1647 hoc
1609 1598 1731 1647 boni

236 1680 567 1743 imperatores
590 1678 769 1735 facere,
795 1694 910 1726 cum
933 1679 1183 1743 proelium
1207 1678 1550 1736 committunt,
1575 1682 1637 1725 ut
1673 1678 1731 1725 in

237 1775 296 1808 eo
317 1758 441 1818 loco,
465 1773 567 1822 quo
589 1757 767 1821 fugam
789 1757 1014 1806 hostium
1038 1758 1146 1807 fore
1181 1758 1513 1815 arbitrentur,
1537 1757 1731 1806 milites

238 1838 514 1896 ccnlocent,
539 1836 596 1885 in
618 1853 759 1900 quos,
784 1837 826 1885 si
851 1837 943 1900 qui
966 1853 1030 1885 ex
1054 1837 1164 1886 acie
1187 1837 1431 1901 fugerint,
1457 1837 1520 1885 de
1542 1836 1731 1900 impro-

237 1918 350 1967 viso
384 1917 632 1967 incidant.
701 1916 956 1965 Nimirum
999 1916 1239 1965 similiter
1277 1916 1597 1964 arbitrantur
1639 1916 1730 1965 isti

237 1999 485 2048 bonorum
520 2000 787 2061 emptoreS‚
820 2013 912 2045 vos
948 1996 1049 2055 hic,
1086 1996 1217 2045 tales
1253 1996 1404 2054 virOS‚
1429 1996 1615 2054 sedere,
1640 1996 1731 2060 qui

237 2076 506 2141 excipiatis
540 2092 637 2132 eos,
669 2076 760 2138 qui
793 2075 856 2124 de
892 2075 998 2124 suis
1033 2076 1270 2124 manibus
1305 2075 1594 2139 effugerint.
1662 2075 1732 2124 Di

239 2156 559 2222 prohibeant,
582 2154 791 2213 iudices,
814 2159 876 2202 ut
912 2154 1020 2214 hoc,
1045 2155 1181 2219 quod
1216 2154 1430 2203 maiores
1461 2156 1731 2204 consilium

239 2234 504 2301 publicum
547 2232 719 2282 vocari
776 2233 1066 2291 voluerunt,
1113 2234 1423 2298 praesidium
1479 2239 1730 2283 sectorum

127 2320 219 2369 152
241 2314 578 2364 existimetur.
659 2312 744 2360 An
766 2329 901 2371 vero,
924 2312 1132 2371 iudices,
1157 2330 1248 2362 vos
1284 2330 1388 2362 non
1423 2313 1730 2377 intellegitis

240 2394 376 2444 nihil
410 2393 552 2443 aliud
588 2391 689 2457 agi,
712 2392 815 2440 nisi
849 2397 910 2441 ut
946 2394 1347 2458 proscriptorum
1374 2393 1525 2442 liberi
1547 2394 1731 2456 quavis

239 2475 439 2524 ratione
474 2472 739 2530 tollantur,
764 2476 818 2519 et
852 2472 962 2520 eius
998 2473 1073 2521 rei
1109 2473 1323 2521 initium
1346 2473 1402 2520 in
1425 2476 1594 2520 vestro
1617 2472 1731 2521 iure

240 2555 456 2604 iurando
469 2557 624 2616 atque
638 2551 694 2598 in
710 2550 822 2600 Sex,
838 2551 1008 2599 Roscii
1023 2553 1248 2615 periculo
1263 2552 1464 2616 quaeri?
1481 2552 1731 2600 Dubium-

241 2652 307 2684 ne
343 2639 435 2693 est,
459 2633 525 2682 ad
561 2648 712 2696 quem
748 2630 1054 2679 maleficium
1078 2632 1346 2695 pertineat,
1371 2647 1487 2679 cum
1510 2631 1730 2680 videatis

242 2732 307 2765 ex
345 2715 507 2763 altera
546 2716 693 2777 parte
732 2714 988 2769 sectorem,
1022 2712 1301 2769 inimicum,
1340 2711 1578 2760 sicarium
1611 2727 1732 2760 eun-

243 2794 459 2858 demque
498 2795 838 2841 accusatorem
877 2789 972 2838 hoc
1011 2795 1251 2854 tempore,
1284 2807 1345 2839 ex
1384 2791 1546 2840 altera
1585 2795 1732 2856 parto
