1832 2970
280 79 345 127 36
740 91 829 127 PRO
862 90 1022 128 Rosmo
1051 90 1289 128 mamito,

281 203 648 269 depoposcisse,
674 210 736 253 ut
759 205 815 253 in
838 205 1030 256 iudicio
1050 222 1307 255 versarere
1335 211 1388 255 et
1424 207 1622 257 sederes
1658 224 1775 258 cum

281 287 606 333 accusatore?
639 301 742 348 qua
765 291 826 333 tu
849 301 903 333 re
925 285 1060 333 nihil
1083 285 1226 334 aliud
1249 286 1556 350 adsequeris,
1580 286 1684 336 nisi
1714 292 1777 336 ut

281 362 347 411 ab
383 363 619 412 omnibus
657 365 973 413 mortalibus·
997 365 1209 414 audacia
1244 369 1336 414 tua
1366 370 1702 430 cognoscatur
1722 372 1776 416 et

194 448 256 495 96
279 440 616 506 impudentia.
654 443 827 493 Occiso
846 445 958 494 Sex.
975 444 1154 494 Roscio
1172 445 1289 509 quis
1303 445 1501 509 primus
1517 445 1776 495 Ameriam

279 522 526 571 nuntiat?
555 523 766 572 Mallius
786 523 1015 583 Glaucia,
1035 541 1187 588 quem
1204 525 1307 572 iam
1325 530 1476 574 antea
1494 524 1774 583 nominavi,

278 605 402 651 tuus
425 602 584 652 cliens
608 608 661 652 et
686 604 972 653 familiaris.
1031 604 1167 663 Quid
1189 605 1410 653 attinuit
1432 622 1548 654 eum
1571 605 1777 670 potissi-

279 696 421 730 mum
457 682 714 742 nuntiare,
739 684 889 748 quod,
914 684 959 733 si
980 684 1186 732 nullum
1207 685 1310 733 iam
1347 690 1470 734 ante
1505 685 1776 734 consilium

277 758 343 809 de
365 765 528 810 morte
551 778 610 811 ac
633 763 695 812 de
717 763 866 812 bonis
890 763 999 812 eius
1022 763 1212 813 inieras
1234 764 1535 829 nullamque
1566 765 1776 814 societa-

276 843 385 889 tem
419 857 586 906 neque
623 843 829 891 sceleris
865 860 1032 908 neque
1062 844 1278 909 praemii
1301 861 1417 893 cum
1438 845 1644 894 homine
1667 845 1778 895 ullo

277 918 482 978 coieras,
523 922 591 970 ad
629 926 682 970 te
721 922 933 971 minime
972 923 1202 972 omnium
1241 923 1571 987 pertinebat?
1642 930 1655 951 ‘
1672 924 1777 974 Sua

276 1004 457 1063 sponte
495 999 706 1049 Mallius
741 1001 983 1050 nuntiat?
1053 1001 1204 1060 Quid,
1228 1018 1430 1066 quaeso,
1468 1002 1578 1051 eius
1614 1002 1776 1051 inter-

277 1082 423 1129 erat?
489 1079 589 1140 An,
632 1098 748 1130 cum
789 1082 1051 1130 Ameriam
1096 1098 1201 1131 non
1246 1081 1458 1131 huiusce
1502 1081 1579 1131 rei
1623 1099 1778 1131 causa

275 1159 517 1217 venisset,
555 1177 675 1210 casu
713 1161 902 1209 accidit
937 1165 1001 1210 ut
1035 1161 1105 1220 id,
1130 1162 1267 1226 quod
1298 1162 1488 1211 Romae
1524 1161 1776 1220 audierat,

275 1239 474 1303 primus
488 1241 789 1289 nuntiaret?
825 1240 984 1290 Cuius
1002 1239 1079 1289 rei
1095 1257 1246 1289 causa
1259 1245 1472 1290 venerat
1487 1240 1777 1289 Ameriam?

277 1318 422 1368 ‘Non
458 1335 664 1384 possum
680 1320 692 1340 ’
728 1319 905 1384 inquit
942 1327 954 1348 ‘
970 1320 1234 1369 divinare?
1302 1320 1379 1369 Eo
1414 1337 1522 1369 rem
1557 1321 1662 1369 iam
1689 1323 1776 1369 ad-

276 1398 472 1457 ducam,
498 1403 560 1447 ut
594 1399 733 1447 nihil
768 1400 1088 1454 divinatione
1124 1416 1251 1464 opus
1288 1399 1372 1449 sit.
1443 1400 1555 1459 Qua
1577 1401 1778 1450 ratione

277 1477 338 1526 Τ.
363 1477 545 1526 Roscio
570 1477 809 1542 Capitoni
832 1478 998 1543 primo
1027 1478 1328 1527 nuntiavit?
1384 1478 1515 1529 Cum
1537 1479 1777 1529 Ameriae

279 1556 393 1607 Sex.
432 1557 604 1606 Roscii
641 1558 835 1616 domus,
868 1575 999 1606 uxor
1033 1557 1286 1622 liberique
1321 1563 1505 1616 essent,
1543 1575 1660 1607 cum
1697 1564 1778 1608 tot

277 1637 557 1702 propinqui
618 1638 926 1702 cognatique
991 1638 1183 1702 optime
1238 1638 1614 1696 convenientes,
1672 1655 1777 1703 qua

276 1716 475 1765 ratione
513 1717 710 1766 factum
746 1721 824 1766 est
859 1721 921 1765 ut
956 1717 1055 1765 iste
1090 1721 1213 1766 tuus
1248 1717 1422 1776 cliens,
1454 1718 1658 1767 sceleris
1694 1719 1777 1767 tui

275 1795 509 1855 nuntius,
537 1797 597 1844 Τ.
624 1796 806 1845 Roscio
839 1795 1079 1861 Capitoni
1114 1796 1438 1861 potissimum
1474 1799 1741 1846 nuntiaret
1755 1802 1778 1848 ‘r‘

190 1867 251 1916 9'7
278 1875 485 1925 Occisus
523 1881 603 1925 est
639 1893 669 1924 a
706 1893 829 1925 cena
868 1876 1097 1925 rediens:
1134 1877 1361 1925 nondum
1398 1877 1620 1935 lucebat,
1658 1894 1776 1927 cum

277 1956 515 2004 Ameriae
552 1957 738 2004 scitum
779 1961 871 2005 est.
942 1955 1078 2015 Quid
1112 1955 1199 2005 hic
1233 1956 1550 2006 incredibilis
1580 1974 1776 2015 cursus,

276 2035 405 2098 quid
444 2035 570 2083 haec
609 2039 756 2084 tanta
796 2035 1031 2084 celeritas
1076 2035 1442 2101 festinatioque
1482 2037 1778 2101 significat?

277 2117 394 2165 Non
436 2132 641 2180 quaero,
680 2117 796 2180 quis
836 2117 1172 2181 percusserit:
1220 2118 1357 2165 nihil
1401 2123 1494 2175 est,
1542 2117 1775 2176 Glaucia,

278 2196 414 2260 quod
454 2199 685 2254 metuas3
734 2213 836 2244 non
876 2196 1079 2245 excutio
1118 2201 1185 2255 te,
1226 2197 1271 2246 si
1311 2197 1438 2261 quid
1478 2199 1609 2246 forte
1649 2197 1775 2246 ferri

277 2275 524 2332 habuisti,
565 2292 668 2323 non
715 2279 915 2323 scrutor
929 2294 941 2333 3
990 2275 1127 2323 nihil
1166 2276 1231 2325 ad
1269 2293 1351 2325 me
1395 2277 1617 2325 arbitror
1660 2294 1776 2341 per-

277 2355 471 2403 tinere:
508 2354 766 2418 quoniam,
793 2355 938 2403 cuius
962 2356 1173 2404 consilio
1209 2356 1401 2405 occisus
1437 2356 1520 2414 sit,
1544 2356 1771 2415 invenio,

278 2434 424 2484 cuius
458 2451 615 2482 manu
652 2434 721 2483 sit
756 2451 1038 2498 percussus,
1070 2452 1175 2484 non
1210 2436 1397 2485 laboro.
1465 2435 1642 2485 Unum
1675 2436 1775 2486 hoo

278 2531 437 2574 sumo,
463 2515 599 2579 quod
622 2514 753 2563 mihi
777 2520 1012 2580 apertum
1035 2521 1185 2565 tuum
1209 2517 1372 2566 scelus
1393 2532 1574 2580 resque
1609 2517 1775 2565 mani-

278 2595 411 2643 festa
433 2594 552 2642 dat:
587 2593 678 2642 ubi
715 2597 806 2641 aut
842 2595 977 2643 unde
1013 2595 1219 2644 audivit
1254 2594 1503 2644 Glaucia?
1536 2595 1627 2660 qui
1662 2600 1771 2646 tam

277 2673 381 2723 cito
404 2673 593 2723 scivit?
627 2673 732 2721 Fac
755 2673 956 2722 audisse
979 2674 1184 2724 statim:
1221 2691 1352 2737 quae
1381 2691 1462 2724 res
1484 2691 1596 2724 eum
1625 2679 1772 2724 nocte
