1832 2970
589 73 677 108 Psso
712 71 872 106 Roso1o
907 68 1143 104 AMEamo.
1546 53 1608 99 29

114 196 240 253 tulo,
278 194 363 243 hic
399 194 510 241 orat
555 193 711 252 atque
752 188 997 236 obsecrat.
1068 184 1204 243 Quid
1256 181 1460 231 facitis?
1522 196 1612 228 cur
1637 180 1698 228 '78

115 273 395 325 recusatis?
473 269 726 318 Dubitate
772 267 930 315 etiam
976 282 1130 322 nunc,
1177 263 1388 323 iudices,
1436 261 1481 310 si
1527 278 1613 325 po-

116 354 280 410 testis,
304 369 334 400 a
360 366 460 414 quo
495 348 566 396 sit
601 348 712 395 Sex.
743 345 955 395 Roscius
990 344 1211 393 occisus:
1250 343 1315 390 ab
1348 357 1486 398 eone,
1523 342 1614 403 qui

118 437 325 498 propter
367 429 512 478 illius
558 431 774 475 mortem
831 426 888 473 in
933 428 1164 488 egestate
1210 428 1263 471 et
1308 422 1365 470 in
1410 420 1615 469 insidiis

119 516 365 569 versatur,
391 509 475 558 cui
509 525 574 557 ne
597 506 877 570 quaerendi
912 505 1120 568 quidem
1154 504 1217 551 de
1251 507 1416 552 morte
1451 503 1616 566 patris

119 595 343 658 potestas
388 588 727 653 permittitur,
779 603 846 634 an
891 586 956 633 ab
1000 585 1079 642 iis,
1127 583 1218 646 qui
1263 584 1615 646 quaestionem

119 671 367 735 fugitant,
405 670 538 717 bona
575 666 854 732 possident,
895 666 953 712 in
984 664 1135 712 caede
1171 667 1327 725 atque
1362 679 1426 710 ex
1465 662 1616 710 caede

118 751 323 799 vivunt.
393 747 593 806 Omnia,
629 747 840 803 iudices,
865 745 922 792 in
956 745 1052 792 hac
1086 759 1239 792 causa
1273 747 1398 791 sunt
1431 741 1618 790 misera

119 835 276 893 atque
322 830 571 893 indigna;
630 833 804 876 tamen
848 826 944 874 hoc
988 824 1127 872 nihil
1173 839 1340 886 neque
1385 821 1618 870 acerbius

120 925 286 972 neque
309 909 542 971 iniquius
577 906 795 971 proferri
829 909 1031 970 potest:
1068 903 1252 951 mortis
1286 907 1532 966 paternae
1556 903 1618 950 de

123 990 286 1039 servis
320 988 551 1053 paternis
585 986 936 1051 quaestionem
970 985 1159 1032 habere
1193 983 1300 1031 filio
1339 999 1443 1031 non
1481 983 1617 1031 licet.

123 1070 201 1118 Ne
226 1074 334 1117 tam
368 1068 460 1116 diu
496 1067 704 1130 quidem
736 1064 974 1114 dominus
1005 1064 1107 1112 erit
1141 1063 1197 1111 in
1234 1079 1364 1120 SUOS,
1401 1063 1525 1111 dum
1559 1079 1621 1111 ex

123 1149 192 1198 iis
215 1149 278 1196 de
313 1147 475 1211 patris
510 1151 675 1195 morte
710 1146 1023 1209 quaeratur?
1090 1143 1325 1202 Veniam,
1349 1158 1515 1204 neque
1546 1142 1622 1190 ita

124 1228 291 1276 multa
331 1230 460 1290 post,
507 1226 573 1273 ad
618 1225 758 1273 hunc
802 1224 971 1272 locum
988 1242 1000 1280 ;
1036 1239 1156 1270 nam
1201 1222 1297 1270 hoc
1342 1226 1510 1270 totum
1556 1222 1622 1268 ad

126 1307 334 1356 Roscios
371 1307 614 1371 pertinet,
654 1305 716 1353 de
753 1321 971 1368 quorum
1007 1302 1228 1356 audacia,
1255 1307 1369 1350 tum
1403 1318 1484 1350 me
1519 1301 1622 1349 dic-

126 1393 304 1436 turum
327 1386 592 1450 pollicitus
615 1402 744 1444 sum,
764 1401 881 1432 cum
900 1383 1079 1431 Erucii
1102 1382 1319 1431 crimina
1342 1382 1622 1431 diluissem.

126 1468 290 1526 Nunc,
314 1466 487 1523 Eruci,
512 1465 578 1513 ad
612 1470 664 1514 te
694 1464 861 1512 venio.
930 1463 1137 1511 XXIX.
1175 1462 1462 1512 Conveniat
1495 1462 1626 1510 mihi
1650 1469 1711 1516 79

128 1553 299 1596 tecum
321 1562 523 1595 necesse
557 1550 650 1603 est,
676 1545 720 1593 si
744 1545 810 1593 ad
843 1544 983 1592 hunc
1017 1543 1326 1592 maleficium
1347 1543 1491 1591 istud
1514 1558 1626 1607 per-

128 1628 277 1687 tinet,
316 1631 407 1675 aut
447 1627 618 1691 ipsum
642 1643 735 1674 sua
769 1642 926 1673 manu
960 1624 1153 1680 fecisse,
1178 1623 1234 1670 id
1274 1623 1412 1686 quod
1451 1639 1625 1686 negas,

128 1712 220 1756 aut
276 1723 366 1771 per
423 1706 623 1769 aliquos
679 1705 869 1752 liberos
924 1707 1016 1750 aut
1061 1718 1248 1751 servos
1317 1702 1628 1750 Liberosne?

130 1803 257 1850 quos
280 1802 446 1849 neque
470 1789 532 1833 ut
555 1783 828 1833 convenire
851 1781 1079 1846 potuerit
1100 1796 1268 1844 neque
1291 1796 1394 1843 qua
1428 1780 1628 1829 ratione

131 1866 371 1914 inducere
404 1880 570 1927 neque
604 1863 697 1910 ubi
729 1878 895 1925 neque
930 1877 1020 1925 per
1043 1877 1170 1924 quos
1204 1877 1369 1923 neque
1403 1877 1505 1924 qua
1539 1877 1628 1924 spe

132 1948 226 1991 aut
247 1960 349 2006 quo
372 1942 554 2006 pretio,
579 1945 723 2006 potes
747 1940 1028 1989 ostendere.
1098 1939 1208 2003 Ego
1227 1944 1404 1987 contra
1419 1940 1629 1988 ostendo

132 2039 238 2070 non
270 2022 418 2070 modo
442 2021 580 2069 nihil
613 2037 787 2069 eorum
809 2020 986 2068 fecisse
1022 2019 1134 2068 Sex.
1160 2019 1418 2078 Roscium,
1443 2020 1532 2068 sed
1564 2036 1629 2068 ne

133 2100 362 2165 potuisse
401 2100 608 2164 quidem
642 2100 820 2159 facere,
859 2099 995 2162 quod
1029 2114 1195 2162 neque
1228 2098 1415 2147 Romae
1448 2099 1630 2147 multis

134 2179 286 2228 annis
348 2179 507 2228 fuerit
573 2194 739 2242 neque
809 2177 871 2225 de
945 2177 1169 2241 praediis
1240 2193 1486 2240 umquam
1557 2182 1630 2224 te-

134 2275 271 2307 mere
307 2258 610 2306 discesserit.
679 2258 889 2306 Restare
921 2257 1020 2305 tibi
1056 2257 1332 2305 videbatur
1369 2273 1630 2305 servorum

135 2355 334 2396 nomen,
360 2355 461 2402 quo
495 2337 644 2401 quasi
673 2338 731 2385 in
757 2342 977 2402 portum,
1002 2337 1222 2385 reiectus
1254 2353 1284 2385 a
1316 2337 1497 2386 ceteris
1521 2353 1630 2385 sus-

136 2419 440 2484 picionibus,
466 2419 738 2482 confugere
759 2434 961 2482 posses:
997 2418 1090 2466 ubi
1120 2417 1386 2481 scopulum
1417 2418 1631 2466 offendis

137 2503 248 2550 eius
269 2502 421 2561 modi,
435 2506 497 2549 ut
519 2517 623 2549 non
644 2501 791 2549 modo
813 2500 880 2549 ab
901 2500 998 2550 hoc
1014 2499 1208 2548 crimen
1230 2499 1426 2547 resilire
1440 2499 1632 2558 videas,

138 2599 321 2632 verum
343 2599 543 2631 omnem
577 2580 915 2644 suspicionem
938 2581 996 2629 in
1017 2584 1216 2629 vosmet
1249 2579 1386 2643 ipsos
1409 2579 1632 2629 recidere

138 2661 422 2726 intellegas.
495 2660 631 2720 Quid
676 2676 797 2725 ergo
833 2662 948 2710 est?
994 2676 1095 2724 quo
1128 2658 1337 2707 tandem
1370 2664 1633 2714 accusator
1653 2663 1717 2712 80
