1832 2970
611 84 698 120 rizo
733 84 892 119 Rosc1o
926 81 1163 118 nummo,
1596 64 1627 112 9

128 222 331 256 servum
354 218 518 267 neque
541 201 788 251 libertum
823 200 1112 264 improbum
1147 197 1350 246 habeat.
1419 194 1627 243 Interea
1653 205 1713 254 23

128 286 227 334 iste
253 285 312 333 Τ.
338 282 564 340 Roscius,
587 281 672 329 vir
695 280 933 345 optimus,
959 282 1259 343 procurator
1282 274 1624 339 Chrysogoni,

130 364 387 413 Ameriam
439 361 612 419 venit;
667 360 724 408 in
773 360 979 424 praedia
1025 359 1180 406 huius
1225 355 1444 414 invadit,
1490 354 1629 403 hunc

129 444 381 501 miserum,
406 441 552 490 luctu
575 440 851 505 perditum,
888 439 979 502 qui
1013 438 1242 486 nondum
1276 437 1435 485 etiam
1457 435 1628 484 omnia

129 528 341 588 paterno
388 520 561 570 funeri
605 520 746 568 iusta
787 519 1040 576 solvisset,
1083 517 1283 565 nudum
1314 515 1435 564 eicit
1480 515 1628 563 domo

129 607 283 666 atque
332 601 456 650 focis
505 600 689 665 patriis
729 598 911 663 disque
960 597 1236 662 penatibus
1277 594 1625 660 praecipitem,

127 682 334 740 iudices,
381 681 639 738 exturbat,
697 680 806 744 ipse
863 678 1209 743 amplissimae
1265 675 1512 740 pecuniae
1566 675 1629 723 fit

127 763 377 812 dominus.
448 760 550 820 Qui
573 761 629 808 in
665 777 758 808 sua
791 776 846 808 rc
871 759 1058 807 fuisset
1092 755 1472 822 egentissimus,
1499 758 1625 811 erat,

127 846 188 890 ut
202 842 277 899 fit,
301 841 527 890 insolens
550 841 607 888 in
630 839 814 888 aliena.
870 838 1042 887 Multa
1056 837 1228 902 palam
1251 836 1459 884 domum
1483 849 1629 882 suam

127 922 407 979 auferebat,
443 921 594 985 plura
640 920 771 969 clam
818 919 880 968 de
934 918 1102 967 medio
1156 915 1468 972 removebat,
1522 930 1626 962 non

127 1019 289 1067 pauca
334 1002 441 1053 suis
498 1001 823 1050 adiutoribus
867 1000 1012 1064 large
1070 999 1332 1061 effuseque
1383 996 1624 1052 donabat,

129 1083 328 1145 reliqua
351 1081 638 1131 constituta
662 1081 900 1130 auctione
924 1079 1198 1128 vendebat.

196 1162 293 1210 IX.
329 1160 474 1219 Quod
498 1161 756 1209 Amerinis
778 1176 942 1223 usque
965 1176 1023 1208 eo
1040 1159 1211 1206 visum
1234 1161 1313 1206 est
1336 1156 1629 1220 indignum,
1655 1163 1719 1212 24

129 1245 191 1290 ut
212 1241 340 1289 urbe
362 1244 474 1289 tota
496 1240 648 1288 fletus
668 1240 994 1303 gemitusque
1008 1239 1168 1287 fieret.
1237 1237 1446 1286 Etenim
1465 1235 1633 1283 multa

131 1320 282 1370 simul
320 1324 441 1368 ante
476 1319 647 1368 oculos
680 1319 1050 1367 versabantur:
1099 1334 1235 1366 mors
1279 1315 1504 1365 hominis
1544 1315 1631 1363 flo-

131 1400 414 1451 rentissimi
450 1399 564 1449 Sex.
600 1399 773 1447 Roscii
796 1398 1164 1455 crudelissima,
1191 1396 1289 1445 filii
1323 1400 1497 1445 autem
1521 1395 1631 1444 eius

131 1485 332 1546 egestas
353 1479 732 1544 indignissima,
757 1478 842 1527 cui
866 1479 928 1527 de
951 1482 1099 1527 tanto
1114 1477 1422 1542 patrimonio
1445 1477 1631 1541 praedo

131 1561 230 1609 iste
244 1559 472 1609 nefarius
495 1575 561 1607 ne
578 1562 679 1607 iter
694 1558 903 1622 quidem
921 1559 986 1606 ad
1001 1558 1294 1622 sepulcrum
1311 1557 1539 1622 patrium
1553 1573 1630 1605 rc-

130 1639 383 1704 liquisset,
402 1639 650 1687 bonorum
674 1638 865 1702 emptio
888 1638 1160 1702 flagitiosa,
1186 1637 1447 1702 possessio,
1472 1637 1629 1694 furta,

130 1719 352 1783 rapinae,
377 1718 691 1767 donationes.
761 1718 922 1767 Nemo
947 1722 1072 1776 erat,
1098 1717 1190 1780 qui
1212 1733 1316 1765 non
1339 1717 1515 1765 ardere
1538 1716 1632 1764 illa

131 1799 303 1848 omnia
324 1798 504 1847 mallet
517 1815 673 1861 quam
690 1798 866 1847 videre
888 1797 946 1845 in
970 1797 1083 1846 Sex.
1108 1796 1296 1854 Roscii,
1320 1796 1425 1844 viri
1448 1795 1631 1860 optimi

131 1883 287 1943 atque
321 1877 686 1935 honestissimi,
732 1877 881 1926 bonis
916 1877 1194 1926 iactantem
1231 1893 1284 1926 se
1338 1893 1397 1925 ac
1434 1876 1631 1925 domin-

132 1963 305 2007 antem
346 1959 406 2007 T.
443 1957 698 2005 Roscium.
768 1957 955 2021 Itaque
996 1957 1330 2006 decurionum
1367 1957 1631 2006 decretum
1656 1968 1716 2017 25

133 2038 312 2087 statim
327 2039 403 2096 fit,
429 2041 491 2086 ut
515 2037 686 2086 decem
709 2037 864 2101 primi
879 2037 1266 2101 proficiscantur
1279 2037 1344 2086 ad
1358 2037 1417 2084 L.
1435 2037 1633 2087 Sullam

133 2118 448 2181 doceantque
484 2134 616 2177 eum,
653 2117 746 2182 qui
781 2117 865 2165 vir
893 2117 1007 2167 Sex.
1041 2118 1254 2167 Roscius
1300 2117 1475 2174 fuerit,
1518 2132 1632 2166 con-

133 2201 417 2262 querantur
452 2197 514 2246 de
547 2197 764 2246 istorum
797 2198 984 2247 scelere
1018 2203 1070 2247 et
1111 2197 1332 2255 iniuriis,
1375 2201 1535 2254 orent,
1571 2201 1633 2245 ut

133 2283 186 2326 et
213 2277 357 2326 illius
391 2277 585 2326 mortui
624 2277 813 2327 famam
851 2283 904 2328 et
940 2277 1039 2327 filii
1072 2278 1365 2327 innocentis
1400 2278 1633 2326 fortunas

132 2362 456 2407 conservatas
490 2357 635 2407 velit.
703 2360 874 2423 Atque
909 2360 1080 2424 ipsum
1120 2359 1394 2415 decretum,
1431 2373 1632 2421 quaeSO‚

133 2439 437 2502 cognoscite.
506 2438 780 2487 DECRETUM
808 2453 1143 2489 DECURIONUM.
1175 2438 1362 2502 Legati
1384 2437 1441 2484 in
1465 2441 1634 2486 castra

65 2567 68 2570 ,
136 2517 369 2566 veniunt.
416 2517 766 2582 Intellegitur,
790 2519 1000 2577 iudices,
1025 2519 1080 2568 id
1104 2518 1356 2583 quodiam
1371 2521 1490 2565 ante
1504 2516 1631 2574 dixi,

133 2597 458 2661 imprudente
498 2598 557 2647 L.
598 2597 741 2647 Sulla
785 2599 975 2648 scelera
1011 2600 1138 2648 haec
1185 2603 1238 2646 et
1273 2596 1474 2661 flagitia
1507 2597 1632 2645 fieri.

134 2676 265 2726 Nam
300 2677 476 2726 statim
513 2677 878 2744 Chrysogonus
915 2684 967 2728 et
998 2679 1106 2743 ipse
1147 2678 1211 2725 ad
1248 2694 1330 2726 eos
1358 2677 1552 2726 accedit
1579 2682 1634 2726 et
