1832 2970
242 67 308 114 46
702 79 791 116 rizo
826 79 983 117 nosc1o
1016 79 1252 115 manzo.

241 209 370 258 quos
405 198 619 254 constat,
657 210 773 243 cum
818 193 994 243 caedes
1033 195 1169 244 facta
1204 198 1297 252 est,
1338 192 1578 252 adfuisse,
1618 208 1734 242 eum

240 289 425 338 cupere
460 290 640 323 verum
675 272 929 332 inveniri3
964 274 1057 337 qui
1089 278 1302 331 recuset,
1342 288 1460 323 eum
1494 271 1734 338 profecte,

241 353 448 401 tametsi
469 354 625 402 verbo
647 369 751 401 non
773 352 973 412 audeat,
998 357 1171 401 tamen
1192 369 1247 402 re
1269 352 1382 417 ipsa
1403 352 1466 401 de
1488 350 1735 401 maleficio

241 448 333 480 suo
356 432 601 482 confiteri.
669 431 795 480 Dixi
815 419 983 492 initio,
1006 431 1214 491 iudices,
1237 431 1375 481 nolle
1396 448 1479 480 me
1500 431 1651 496 plura
1674 432 1735 480 de

241 511 458 560 istorum
502 511 687 562 scelere
732 511 914 571 dicere,
961 527 1116 575 quam
1159 526 1311 560 causa
1354 510 1639 576 postularet
1678 527 1735 559 ac

241 591 514 641 necessitas
549 591 663 656 ipsa
698 596 926 656 cogeret:
961 607 1083 640 nam
1116 594 1169 640 et
1202 590 1396 641 multae
1431 608 1513 641 res
1543 591 1736 641 adferri

240 676 458 736 possunt
487 675 541 721 et
571 671 634 720 de
664 687 768 720 una
795 687 996 735 quaque
1022 685 1199 719 earum
1232 670 1412 720 multis
1439 688 1556 720 cum
1583 688 1736 736 argu·

241 750 429 801 mentis
468 750 570 800 dici
614 754 796 815 potest.
866 750 1060 800 Verum
1105 767 1212 815 ego,
1254 750 1391 814 quod
1434 750 1634 800 invitus
1678 767 1735 800 ac

240 830 522 880 necessario
554 829 700 888 facio,
732 846 914 894 neque
935 829 1025 878 diu
1059 846 1225 894 neque
1260 830 1541 895 diligenter
1568 831 1733 880 facere

240 926 460 975 possum.
529 909 668 968 Quae
706 909 975 973 praeteriri
1017 909 1162 958 nullo
1207 910 1354 958 modo
1389 915 1641 974 poterant,
1678 927 1735 960 ea

240 989 440 1048 leviter,
480 989 686 1046 iudices,
724 988 909 1053 attigi:
945 1005 1074 1053 quae
1118 988 1284 1053 posita
1322 994 1446 1038 sunt
1483 989 1540 1037 in
1574 991 1735 1055 suspi-

213 1079 216 1080 ’
240 1069 486 1127 0101111005,
511 1068 573 1117 de
595 1068 783 1132 quibus
805 1068 850 1117 si
872 1083 1080 1132 coepero
1102 1067 1283 1126 dicere,
1306 1067 1543 1132 pluribus
1565 1069 1736 1118 verbis

240 1149 311 1198 sit
344 1148 709 1208 disserendum,
745 1164 804 1196 ea
837 1147 1024 1198 vestris
1057 1146 1284 1212 ingeniis
1317 1147 1736 1213 coniecturaeque

241 1228 519 1278 committO.

129 1311 222 1360 124
308 1307 509 1356 XLIII.
545 1306 710 1358 Venio
783 1322 922 1355 nunc
978 1306 1044 1355 ad
1099 1306 1233 1355 illud
1279 1323 1465 1356 nomen
1521 1324 1735 1357 aureum

244 1385 581 1452 Chrysogoni,
606 1386 702 1436 sub
725 1402 827 1450 quo
849 1385 1056 1434 nomine
1080 1390 1190 1434 tota
1213 1386 1427 1436 societas
1449 1386 1637 1437 latuit:
1673 1389 1735 1437 de

241 1482 358 1531 quc,
382 1466 594 1527 iudiceS,
616 1481 783 1530 neque
806 1482 908 1529 quo
931 1465 1079 1514 modo
1103 1465 1269 1515 dicam
1283 1482 1450 1530 neque
1473 1483 1574 1531 quo
1589 1469 1736 1517 modo

239 1550 434 1595 taceam
456 1545 675 1611 reperire
691 1561 911 1610 possum.
949 1544 1003 1594 Si
1026 1545 1163 1593 enim
1185 1550 1341 1604 tace0,
1357 1546 1441 1595 vel
1462 1547 1732 1596 maximam

240 1631 440 1691 partem
462 1626 725 1690 relinqu03
764 1625 846 1674 sin
880 1629 1053 1673 autem
1075 1625 1202 1682 dico,
1227 1642 1404 1674 vereor
1430 1643 1495 1675 ne
1517 1643 1622 1676 non
1644 1627 1736 1677 ille

240 1706 393 1764 solus,
418 1705 474 1754 id
509 1705 646 1770 quod
685 1704 749 1753 ad
770 1721 851 1752 me
885 1704 1021 1753 nihil
1055 1704 1261 1762 attinet,
1286 1705 1375 1754 sed
1408 1705 1499 1753 alii
1534 1723 1736 1771 quoque

240 1785 414 1850 plures
436 1785 598 1835 laesos
620 1801 672 1834 se
694 1801 799 1833 esse
823 1788 1025 1849 putent.
1063 1783 1290 1833 Tametsi
1302 1784 1378 1832 ita
1395 1800 1447 1834 se
1470 1801 1549 1834 res
1563 1785 1734 1845 habet,

240 1868 303 1914 ut
335 1864 467 1914 mihi
501 1865 560 1913 in
599 1879 914 1913 communem
952 1879 1154 1912 causam
1184 1867 1434 1912 sectorum
1464 1864 1735 1914 dicendum

241 1945 377 1995 nihil
399 1962 586 2011 magno
625 1962 775 2011 opere
797 1945 1066 1994 videatur:
1102 1944 1228 1994 haec
1257 1945 1396 1994 enim
1430 1961 1582 1994 causa
1603 1963 1736 1996 nova

129 2034 220 2083 125
242 2025 471 2090 profecto
507 2029 560 2074 et
606 2024 884 2089 singularis
924 2028 1016 2073 est.
1108 2024 1366 2073 Bonorum
1415 2024 1528 2075 Sex.
1565 2027 1735 2076 Roscii

242 2109 442 2170 emptor
477 2108 554 2154 est
592 2103 970 2169 Chrysogonus.
1039 2103 1272 2152 Primum
1310 2104 1407 2153 hoc
1441 2104 1733 2155 videamus:

242 2185 352 2234 eius
390 2183 613 2234 hominis
654 2184 789 2233 bona
826 2200 928 2248 qua
966 2183 1163 2232 ratione
1196 2183 1472 2234 venierunt
1504 2190 1596 2234 aut
1635 2202 1735 2250 quo

242 2264 389 2313 modo
412 2264 587 2313 venire
610 2265 924 2328 potuerunt?
958 2264 1131 2328 Atque
1147 2263 1244 2313 hoc
1261 2281 1366 2315 non
1387 2265 1462 2314 ita
1479 2282 1731 2330 quaeram,

241 2344 450 2403 iudices,
488 2347 548 2392 ut
582 2343 637 2391 id
673 2343 838 2393 dicam
875 2360 980 2392 esse
1017 2343 1305 2408 indignum,
1340 2344 1562 2394 hominis
1592 2345 1715 2395 inno

242 2423 406 2472 centis
441 2423 574 2472 bona
608 2422 842 2471 veniisse.
911 2423 965 2472 Si
1005 2422 1143 2472 enim
1186 2423 1312 2473 haec
1357 2423 1631 2473 audientur
1677 2442 1735 2476 ac

242 2501 403 2552 libere
438 2502 689 2561 dicentur,
712 2517 816 2553 non
852 2502 955 2550 suit
988 2506 1166 2551 tantus
1198 2503 1348 2552 homo
1383 2502 1496 2552 Sex.
1522 2504 1734 2554 Roscius

242 2585 302 2633 in
319 2582 548 2642 civitate,
562 2585 623 2630 ut
638 2581 698 2630 de
714 2597 771 2630 eo
785 2581 1109 2646 potissimum
1124 2599 1505 2648 conqueramur.
1541 2584 1734 2635 Verum

243 2680 338 2729 ego
360 2663 455 2713 hoc
490 2678 710 2728 quaero:
745 2661 836 2725 qui
869 2666 1149 2727 potuerunt
1184 2663 1285 2713 ista
1318 2663 1430 2729 ipsa
1451 2663 1579 2730 lege,
1605 2681 1733 2731 quae
