1832 2970
597 83 684 117 mzo
719 82 878 117 1108010
913 82 1148 118 1111111180.
1547 69 1610 116 25

117 198 419 262 magnitudo
442 195 679 245 maleficii
707 196 847 254 facit,
874 201 947 252 ut,
973 196 1074 245 nisi
1099 212 1259 261 paene
1282 195 1611 244 manifestum

117 277 448 342 parricidium
472 277 778 340 proferatur,
803 276 1051 325 credibile
1085 292 1189 324 non
1213 276 1299 335 sit,
1318 275 1420 324 nisi
1444 274 1615 339 turpis

116 355 476 415 adulescentia,
513 354 617 404 nisi
656 356 894 404 omnibus
934 356 1151 419 flagitiis
1186 356 1299 405 vita
1322 355 1611 420 inquinata,

117 439 220 487 nisi
241 442 475 501 sumptus
497 436 647 484 effusi
670 453 783 485 cum
821 438 1008 501 probro
1043 443 1200 500 atque
1224 438 1485 497 dedecore,
1510 437 1609 486 nisi

118 522 392 584 praerupta
437 518 666 577 audacia,
713 518 817 566 nisi
864 523 1015 567 tanta
1072 519 1352 578 temeritas,
1401 523 1462 566 ut
1506 534 1611 567 non

121 597 294 664 procul
315 597 590 646 abhorreat
623 598 688 645 ab
722 598 941 646 insania.
1012 598 1240 646 Accedat
1275 598 1376 646 huc
1412 603 1616 662 oportet

118 678 291 726 odium
330 677 574 740 parentis,
621 677 1086 726 animadversionis
1132 683 1377 742 paternae
1426 684 1610 735 metus,

117 757 268 806 amici
291 757 529 821 improbi,
555 758 693 806 servi
727 758 932 815 conscii,
958 763 1163 822 tempus
1186 758 1445 818 idoneum,
1471 759 1614 807 locus

118 842 401 901 opportune
417 842 598 900 captus
612 837 678 885 ad
691 853 803 886 eam
817 854 925 885 rem
942 856 951 884 ε
978 854 1139 901 paene
1154 837 1337 897 dicam,
1358 854 1616 902 respersas

118 934 301 966 manus
324 918 577 980 sanguine
611 922 824 981 paterno
858 917 1053 966 iudices
1077 918 1293 966 videant
1327 922 1545 982 oportet,
1570 918 1615 966 si

118 1002 326 1045 tantum
349 996 564 1054 facinus,
589 1002 696 1045 tam
719 997 956 1056 immane,
977 1003 1085 1046 tam
1103 999 1342 1046 acerbum
1365 998 1615 1047 credituri

120 1083 257 1126 sunt.
327 1077 493 1134 Quare
515 1077 611 1126 hoc
633 1094 734 1140 quo
756 1077 929 1126 minus
951 1083 1031 1126 est
1048 1078 1309 1138 credibile,
1328 1079 1433 1127 nisi
1451 1085 1619 1128 osten·
1642 1079 1702 1127 69

120 1157 278 1213 ditur,
316 1173 375 1205 eo
414 1157 580 1220 magis
615 1162 708 1215 est,
751 1157 797 1206 si
837 1158 1179 1217 convincitur,
1223 1159 1616 1208 vindicandum.

120 1236 289 1285 XXV.
325 1237 510 1299 Itaque
533 1253 647 1284 cum
670 1238 852 1286 multis
887 1254 951 1286 ex
985 1239 1140 1286 rebus
1162 1239 1404 1302 intellegi
1428 1244 1613 1302 potest,

119 1316 336 1364 maiores
358 1321 559 1366 nostros
592 1333 696 1364 non
724 1318 873 1366 modo
905 1318 1062 1366 armis
1093 1319 1212 1382 plus
1243 1335 1400 1382 quam
1424 1324 1618 1367 ceteras

121 1395 369 1455 nationes,
392 1411 570 1444 verum
586 1396 744 1445 etiam
767 1397 979 1446 consilio
998 1398 1354 1461 sapientiaque
1376 1399 1619 1462 potuisse,

122 1477 233 1520 tum
255 1488 318 1520 ex
341 1471 437 1520 hac
459 1488 514 1519 re
536 1473 622 1520 vel
645 1473 880 1531 maxime,
907 1474 1045 1536 quod
1069 1475 1125 1521 in
1149 1474 1335 1538 impios
1355 1476 1620 1539 singulare

120 1551 430 1615 supplicium
467 1551 796 1601 invenerunt.
881 1553 994 1610 Qua
1034 1555 1090 1601 in
1127 1572 1183 1603 re
1214 1561 1469 1619 quantum
1500 1573 1622 1621 pru-

120 1631 296 1679 dentia
319 1632 678 1695 praestiterint
709 1633 788 1691 iis,
815 1634 907 1697 qui
947 1635 1083 1698 apud
1121 1639 1316 1684 ceteros
1351 1636 1624 1700 sapientis·
1636 1676 1704 1697 ...ae-

121 1711 236 1759 simi
280 1711 438 1760 fuisse
484 1712 746 1771 dicuntur,
797 1714 1129 1762 considerate.
1162 1698 1621 1764 fPrudentissima
1645 1722 1706 1770 '70

121 1791 307 1840 civitas
330 1791 743 1850 Atheniensium,
764 1793 887 1842 dum
905 1810 964 1842 ea
979 1810 1152 1842 rerum
1168 1794 1336 1858 potita
1354 1800 1447 1855 est,
1464 1795 1622 1844 fuisse

121 1871 347 1920 traditur
358 1890 370 1928 ;
395 1871 505 1919 01118
519 1888 668 1935 porro
683 1872 912 1921 civitatis
931 1872 1368 1937 sapientissimum
1387 1875 1622 1924 Solonem

122 1950 304 1999 dicunt
339 1950 512 2008 fuisse,
537 1967 655 1998 eum
687 1952 779 2015 qui
810 1952 965 2016 leges,
1003 1953 1193 2017 quibus
1229 1954 1383 2004 hodie
1421 1972 1623 2019 quoque

122 2034 359 2087 utuntur,
393 2030 614 2094 scripsit.
684 2032 738 2080 Is
778 2049 895 2082 011111
929 2033 1354 2098 interrogaretur,
1391 2052 1481 2083 cur
1509 2037 1624 2084 nul-

122 2111 233 2158 lum
255 2110 564 2174 supplicium
595 2112 945 2162 constituisset
983 2113 1040 2161 in
1080 2131 1212 2173 eum,
1237 2115 1329 2178 qui
1360 2121 1625 2179 parentem

122 2195 366 2247 necasset,
391 2191 655 2254 respondit
676 2208 728 2241 se
751 2192 806 2240 id
829 2193 1087 2242 neminem
1118 2195 1376 2244 facturum
1403 2201 1624 2261 putasse.

125 2271 394 2334 Sapienter
429 2272 607 2320 fecisse
646 2273 850 2331 dicitur,
876 2291 992 2322 cum
1029 2275 1093 2324 de
1128 2292 1187 2324 eo
1222 2276 1357 2324 nihil
1381 2277 1624 2335 sanxerit,

125 2352 261 2415 quod
284 2357 437 2400 antea
467 2352 790 2402 commissum
816 2371 919 2403 non
954 2359 1078 2414 erat,
1103 2372 1168 2404 ne
1200 2372 1303 2404 non
1327 2361 1434 2404 tam
1457 2356 1627 2419 prohi-

125 2433 244 2480 bere
301 2449 456 2496 quam
503 2433 774 2482 admonere
831 2434 1110 2484 videretur.
1203 2436 1405 2494 Quanto
1461 2436 1626 2484 nostri

126 2513 339 2562 maiores
363 2513 677 2577 sapientius!
714 2514 804 2577 qui
826 2531 942 2563 cum
975 2515 1340 2578 intellegerent
1362 2516 1498 2564 nihil
1521 2533 1628 2566 esse

126 2598 234 2641 tam
256 2599 502 2651 sanctum,
529 2593 665 2656 quod
688 2610 792 2642 non
832 2595 1110 2659 aliquando
1145 2596 1365 2644 violaret
1400 2596 1626 2656 audacia,

126 2673 436 2738 supplicium
466 2673 519 2720 in
556 2673 838 2735 parricidas
876 2675 1139 2739 singulare
1180 2676 1624 2739 excogitaverunt,
