1832 2970
543 112 633 148 rao
668 112 828 148 nosc1o
861 111 1102 147 AMERINO.
1517 99 1580 145 53

82 227 266 292 cuique
310 243 473 276 meam
512 226 791 275 orationem
836 226 1185 291 gratissimam
1221 241 1330 275 esse
1366 228 1581 289 oportet.

84 307 277 367 Quodsi
300 307 415 372 quis
437 311 530 365 est,
555 305 646 370 qui
668 310 722 356 et
745 323 797 356 se
820 311 873 356 et
896 323 1099 355 causam
1121 305 1256 355 laedi
1278 308 1442 370 putet,
1467 320 1580 354 cum

86 388 449 453 Chrysogonus
502 386 842 451 vituperetur,
889 387 936 435 is
989 403 1194 436 causam
1250 385 1471 450 ignorat,
1530 399 1584 433 se

84 469 255 534 ipsum
277 468 432 533 probe
459 467 622 517 novit.
695 467 861 517 Causa
893 466 1031 515 enim
1061 466 1381 530 splendidior
1410 466 1514 523 fiet,
1539 464 1585 513 si

86 547 398 613 nequissimo
454 547 637 610 cuique
686 546 984 595 resistetur:
1042 546 1134 594 ille
1179 544 1585 609 improbissimus

88 625 410 692 Chrysogoni
441 626 627 685 fautor,
652 625 743 689 qui
770 624 872 674 sibi
902 640 1019 673 cum
1046 624 1139 672 illo
1167 624 1420 672 rationem
1453 639 1586 673 com-

86 707 398 756 municatam
442 710 608 770 putat,
655 705 891 764 laeditur,
930 721 1046 753 cum
1086 705 1151 753 ab
1186 703 1282 753 hoc
1321 703 1587 769 splendore

86 803 264 837 causae
288 790 569 851 separatur.

153 866 348 916 Verum
384 865 508 914 haec
539 864 704 914 omnis
735 864 911 922 oratio,
944 869 1006 912 ut
1036 864 1140 912 iam
1171 868 1292 913 ante
1323 863 1448 922 dixi,
1473 878 1586 911 mea
1608 868 1699 917 143

87 950 181 1007 est,
206 963 308 1010 qua
330 962 411 994 me
433 945 514 994 uti
537 961 617 994 res
648 944 855 1009 publica
876 949 930 993 et
952 944 1097 993 dolor
1127 961 1269 993 meus
1293 948 1346 993 et
1369 943 1587 993 istorum

86 1025 280 1074 iniuria
309 1025 505 1089 coegit:
543 1024 656 1074 Sex.
690 1023 903 1073 Roscius
930 1023 1114 1072 horum
1140 1024 1278 1072 nihil
1312 1023 1588 1087 indignum

88 1109 258 1170 putat,
298 1104 556 1153 neminem
601 1107 819 1162 accusat,
859 1103 996 1151 nihil
1036 1104 1098 1153 de
1143 1120 1234 1152 suo
1279 1101 1588 1168 patrimonio

90 1185 353 1248 queritur3
389 1188 541 1248 putat
563 1183 713 1232 homo
739 1183 1010 1247 imperitus
1041 1199 1254 1241 morum,
1280 1182 1506 1247 agricola
1536 1186 1590 1231 et

88 1264 329 1324 rusticus,
353 1264 455 1312 ista
479 1263 662 1323 omnia,
687 1280 818 1327 quae
840 1279 931 1311 vos
961 1279 1054 1328 per
1085 1263 1283 1313 Sullam
1316 1267 1462 1326 gesta
1484 1278 1590 1311 esse

90 1343 279 1402 dicitis,
303 1359 456 1404 more,
478 1343 607 1407 lege,
632 1342 744 1391 iure
767 1342 1003 1407 gentium
1028 1343 1194 1400 facta3
1231 1342 1383 1406 culpa
1405 1342 1590 1390 libera-

89 1428 176 1471 tus
191 1427 244 1472 et
267 1423 479 1472 crimine
502 1422 698 1471 nefario
716 1423 915 1471 solutus
938 1422 1083 1486 cupit
1106 1421 1296 1470 avobis
1319 1421 1587 1471 discedere.

91 1503 149 1552 Si
184 1502 280 1552 hac
318 1503 537 1567 indigna
575 1503 862 1567 suspicione
902 1507 1085 1561 careat,
1124 1502 1295 1551 animo
1335 1519 1497 1566 aequo
1537 1518 1589 1551 se
1612 1509 1703 1556 144

90 1599 260 1632 carere
297 1582 403 1631 suis
434 1582 671 1631 omnibus
698 1582 972 1631 commodis
1005 1582 1164 1631 dicit:
1200 1586 1350 1647 rogat
1377 1586 1589 1646 oratque

89 1667 160 1721 te,
199 1661 545 1727 Chrysogone‚
583 1663 628 1711 si
664 1662 802 1710 nihil
831 1663 894 1711 de
930 1662 1095 1727 patris
1126 1662 1348 1711 fortunis
1384 1662 1590 1726 amplis-

90 1742 234 1790 simis
257 1743 314 1790 in
338 1758 482 1790 suam
517 1758 624 1790 rem
656 1742 926 1800 convertit,
952 1742 996 1790 si
1027 1741 1173 1790 nulla
1203 1741 1260 1789 in
1290 1758 1346 1791 re
1373 1746 1426 1790 te
1454 1742 1591 1790 frau-

92 1822 254 1881 davit,
291 1822 336 1870 si
371 1822 472 1870 tibi
507 1822 701 1886 optima
737 1822 837 1870 fide
873 1839 966 1870 sua
1002 1822 1172 1870 omnia
1205 1821 1467 1880 concessit,
1504 1821 1591 1870 ad-

90 1901 400 1961 numeravit,
447 1901 708 1966 adpendit,
746 1901 792 1950 si
830 1901 1094 1962 vestitum,
1133 1918 1234 1965 quo
1273 1901 1383 1966 ipse
1423 1906 1591 1950 tectus

93 1986 221 2042 erat,
276 1981 593 2044 anulumque
634 1981 698 2029 de
735 1980 902 2044 digito
942 1998 1091 2030 suum
1129 1981 1230 2030 tibi
1270 1981 1504 2041 tradidit,
1545 1980 1592 2030 si

93 2078 159 2110 ex
204 2060 444 2110 omnibus
481 2061 636 2109 rebus
682 2077 735 2109 se
780 2061 951 2125 ipsum
996 2061 1196 2109 nudum
1235 2077 1403 2125 neque
1448 2076 1590 2126 prae·

95 2147 236 2191 terea
273 2141 558 2204 quidquam
594 2141 811 2204 excepit,
848 2146 910 2189 ut
941 2140 1042 2189 sibi
1065 2157 1157 2205 per
1183 2146 1236 2190 te
1266 2141 1423 2190 liceat
1443 2141 1589 2189 inno-

94 2221 235 2270 centi
270 2220 548 2269 amicorum
583 2220 765 2284 opibus
809 2220 974 2269 vitam
1018 2220 1076 2268 in
1122 2226 1350 2285 egestate
1377 2221 1588 2290 'degere-

95 2302 155 2350 L.
190 2299 409 2348 Praedia
431 2315 544 2347 mea
568 2303 627 2348 tu
650 2299 891 2364 possides,
918 2315 1012 2363 ego
1043 2299 1214 2349 aliena
1242 2300 1590 2349 misericordia
1613 2303 1703 2354 145

93 2381 245 2429 vivo:
282 2379 517 2438 concedo,
542 2384 597 2428 et
627 2379 765 2442 quod
795 2380 1001 2430 animus
1031 2397 1227 2444 aequus
1264 2386 1343 2429 est
1379 2385 1432 2429 et
1467 2379 1591 2444 quia

95 2477 298 2510 necesse
320 2465 411 2509 est.
478 2459 595 2508 Mea
619 2460 798 2509 domus
821 2460 921 2509 tibi
948 2466 1106 2525 patet,
1132 2461 1264 2508 mihi
1286 2462 1458 2510 clausa
1480 2465 1591 2511 est:

94 2543 219 2590 fero.
288 2539 510 2589 Familia
541 2557 654 2589 mea
689 2541 912 2590 maxima
950 2547 1009 2590 tu
1045 2542 1224 2602 uteris,
1261 2558 1355 2606 ego
1386 2558 1592 2591 servum

94 2621 260 2670 habeo
282 2620 514 2668 nullum:
550 2620 720 2684 patior
751 2625 804 2668 et
831 2620 1100 2669 ferendum
1132 2626 1272 2686 puto.
1343 2620 1480 2679 Quid
1511 2621 1592 2672 vis

95 2701 353 2767 amplius?
391 2700 517 2764 quid
540 2699 867 2764 insequeris?
906 2699 1035 2763 quid
1066 2702 1366 2766 oppugnas?
1398 2717 1500 2765 qua
1533 2702 1593 2752 in
