1832 2970
240 102 306 150 54
700 114 789 150 PRO
823 112 983 148 Rosam
1017 111 1256 147 nmmxo,

237 245 294 283 re
316 233 459 278 tuam
481 228 804 276 voluntatem
826 226 961 275 laedi
984 243 1015 275 a
1037 242 1118 275 1116
1140 227 1327 291 putas?
1360 225 1452 274 ubi
1475 224 1581 275 tuis
1602 241 1734 275 com·

240 308 403 358 modis
426 307 621 356 officio?
655 306 782 370 quid
806 305 907 355 tibi
937 306 1117 355 obsto?
1185 305 1240 355 Si
1270 304 1558 370 spoliorum
1582 321 1733 354 causa

238 387 319 436 vis
373 386 634 435 hominem
698 385 954 443 occidere,¹
1006 384 1268 449 spoliasti;
1338 382 1465 447 quid
1528 383 1735 447 quaeris

239 545 391 595 citiae
427 561 543 594 cum
579 555 653 604 eo,
692 544 838 593 cuius
874 548 996 594 ante
1032 543 1241 607 praedia
1276 542 1550 608 possedisti
1580 558 1735 607 quam

237 625 407 689 ipsum
444 623 709 688 cognosti?
743 623 787 672 si
817 627 1001 683 metus,
1033 622 1100 670 ab
1130 638 1254 671 eone
1293 621 1494 686 aliquid
1530 620 1734 681 metuis,

239 720 393 767 quem
416 703 562 752 vides
584 702 756 767 ipsum
787 702 854 751 ab
881 718 934 751 se
958 706 1066 751 tam
1093 705 1316 751 atrocem
1342 701 1589 750 iniuriam
1620 717 1736 764 pro-

238 782 442 846 pulsare
498 798 603 830 non
648 782 827 845 posse?
882 781 978 841 8111,
1033 780 1170 844 quod
1223 781 1372 841 bona,
1429 797 1560 844 quae
1619 781 1734 828 Sex.

180 882 182 884 ·
239 862 410 918 Roscii
445 862 674 921 fuerunt,
716 865 808 910 tua
844 861 982 910 facta
1018 867 1155 919 sunt,
1194 860 1384 910 idcirco
1419 860 1558 909 1111116
1593 859 1736 907 1111118

237 940 404 989 filium
440 941 615 990 studes
651 940 878 1004 perdere,
910 956 1082 989 nonne
1118 939 1346 989 ostendis
1380 939 1436 987 id
1466 943 1519 988 te
1549 938 1734 999 vereri,

238 1021 376 1084 quod
415 1025 618 1084 praeter
658 1023 852 1067 ceteros
897 1023 957 1067 tu
1002 1022 1231 1067 metuere
1275 1033 1380 1066 non
1425 1017 1623 1076 debeas,
1668 1033 1736 1066 116

239 1097 446 1160 quando
484 1097 660 1147 liberis
700 1097 1104 1161 proscriptorum
1143 1098 1278 1147 bona
1312 1097 1483 1162 patria
1517 1097 1738 1146 reddan-

127 1175 214 1223 146
241 1179 361 1225 tur?
426 1176 576 1226 Facis
598 1176 857 1236 iniuriam,
883 1176 1228 1242 Ohrysogone,
1253 1177 1298 1227 si
1319 1177 1563 1226 maiorem
1594 1193 1736 1242 spem

241 1256 517 1320 emptionis
558 1261 678 1304 tuae
716 1256 774 1304 in
812 1256 969 1305 huius
1008 1257 1166 1306 exitio
1202 1257 1349 1321 ponis
1385 1273 1541 1320 quam
1578 1255 1635 1303 in
1670 1255 1737 1304 iis

237 1336 406 1393 rebus,
430 1353 558 1399 quas
581 1336 639 1384 L.
667 1335 811 1385 Sulla
834 1335 1007 1399 gessit.
1077 1336 1269 1395 Quodsi
1292 1336 1392 1385 tibi
1414 1352 1567 1385 causa
1589 1335 1738 1384 nulla

239 1420 329 1472 est,
355 1431 446 1463 cur
468 1414 607 1462 hunc
634 1414 878 1463 miserum
905 1419 1055 1463 tanta
1086 1415 1382 1464 calamitate
1408 1414 1560 1463 adfici
1589 1414 1736 1472 velis,

240 1494 284 1543 si
316 1494 416 1543 tibi
447 1493 618 1542 omnia
653 1510 746 1541 sua
777 1498 980 1558 praeter
1008 1493 1232 1542 animam
1259 1494 1479 1543 tradidit
1513 1510 1607 1543 nec
1636 1493 1739 1543 sibi

240 1573 523 1636 quidquam
560 1577 847 1636 paternum,
880 1589 946 1621 ne
982 1573 1304 1621 monumenti
1331 1573 1540 1636 quidem
1568 1589 1735 1631 causa,

168 1687 170 1691 »
241 1653 373 1702 616111
418 1651 732 1701 reservavit:
790 1668 881 1715 per
926 1652 1043 1700 deos
1088 1651 1415 1709 immortales,
1461 1668 1593 1715 quae
1636 1652 1739 1701 ista

240 1735 388 1779 tanta
433 1730 710 1779 crudelitas
755 1732 867 1778 est?
913 1745 1043 1793 quae
1089 1734 1197 1779 tam
1242 1730 1351 1778 fera
1395 1729 1738 1794 immanisque

239 1811 461 1858 natura?
528 1809 654 1867 Quis
689 1825 934 1872 umquam
979 1809 1168 1873 praedo
1205 1808 1310 1858 fuit
1347 1813 1455 1858 tam
1494 1809 1737 1870 nefarius,

239 1890 355 1954 quis
391 1888 565 1953 pirata·
595 1892 703 1936 tam
738 1888 1002 1945 barbarus,
1039 1892 1115 1948 ut,
1155 1904 1270 1936 cum
1305 1888 1563 1952 integram
1595 1905 1740 1952 prae-

241 1970 359 2017 dam
406 1967 516 2017 sine
562 1966 813 2030 sanguine
858 1967 1046 2016 habere
1092 1971 1276 2031 posset,
1321 1971 1533 2016 cruenta
1576 1968 1741 2032 spolia

131 2044 217 2091 14¹7
241 2046 510 2096 detrahere
555 2046 768 2094 mallet?
838 2045 946 2095 Scis
990 2045 1129 2095 hunc
1174 2045 1309 2094 nihil
1353 2046 1556 2104 habere,
1602 2047 1740 2095 nihil

239 2126 440 2183 audere,
464 2123 601 2172 nihil
624 2140 784 2188 posse,
810 2124 947 2172 nihil
978 2141 1225 2188 umquam
1257 2129 1436 2174 contra
1463 2141 1572 2174 rem
1595 2130 1739 2174 tuam

241 2205 501 2270 cogitasse,
549 2208 603 2253 et
647 2208 820 2252 tamen
873 2220 1139 2268 oppugnas
1191 2221 1323 2263 eum,
1369 2221 1522 2269 quem
1573 2221 1739 2269 neque

194 2313 195 2316 =
242 2289 472 2334 metuere
514 2287 661 2347 potes
706 2299 872 2346 neque
919 2283 1082 2331 odisse
1128 2284 1280 2332 debes
1324 2300 1416 2333 nec
1459 2283 1740 2348 quidquam

241 2366 345 2413 iam
375 2362 563 2412 habere
593 2362 781 2425 reliqui
815 2362 974 2420 vides,
1004 2363 1140 2425 quod
1170 2363 1219 2411 ei
1249 2363 1518 2412 detrahere
1548 2363 1737 2426 possis:

241 2443 344 2492 nisi
380 2442 476 2491 hoc
511 2441 786 2505 indignum
821 2445 989 2505 putaS,
1023 2442 1160 2504 quod
1191 2442 1438 2491 vestitum
1474 2441 1647 2490 sedere
1682 2442 1739 2490 in

242 2521 432 2570 iudicio
476 2520 634 2579 vides,
676 2536 828 2583 quem
873 2524 932 2568 tu
979 2536 1006 2568 e
1051 2520 1360 2584 patrimonio
1403 2523 1666 2583 tamquam
1711 2537 1740 2568 e

243 2600 515 2668 naufragio
571 2600 769 2648 nudum
825 2599 1086 2663 expulisti.
1158 2599 1314 2657 Quasi
1369 2615 1490 2647 vero
1545 2600 1739 2648 nescias

243 2680 380 2728 hunc
425 2685 478 2728 et
517 2679 588 2727 ali
624 2684 677 2727 et
712 2678 893 2727 vestiri
938 2694 967 2727 6
1014 2678 1247 2737 Caecilia,
1297 2678 1570 2744 [Balearici
1614 2679 1737 2738 filia,
