1832 2970
212 90 278 138 24
689 106 777 140 Pno
811 106 972 141 1108010
1005 106 1242 142 AMERINO.

208 233 514 281 quemquam
537 234 590 266 se
613 218 669 265 in
692 218 748 266 id
787 219 1027 268 conclave
1065 220 1382 269 committere
1416 237 1474 269 eo
1496 219 1693 286 potissi·

207 313 348 346 mum
377 302 618 362 tempore,
643 314 758 346 cum
789 298 981 347 ibidem
1012 305 1183 348 essent
1213 300 1313 348 duo
1350 300 1699 350 adulescentes

205 377 319 436 filii,
344 377 433 440 qui
455 382 509 425 et
532 378 723 426 sentire
745 383 799 427 et
821 378 1089 428 defendere
1113 379 1263 428 facile
1286 382 1527 443 possent?
1572 380 1701 429 Erat

120 451 179 498 65
205 473 353 520 porro
375 473 537 515 nemo,
553 457 609 505 in
624 474 775 521 quem
790 474 849 505 ea
864 458 1085 522 suspicio
1103 459 1415 507 conveniret.
1486 460 1697 516 Tamen,

204 552 318 584 cum
341 536 552 600 planum
573 536 831 586 iudicibus
854 543 986 586 esset
1010 538 1217 598 factum,
1243 544 1419 603 aperto
1441 540 1571 588 ostio
1589 540 1700 587 dor-

203 616 420 665 mientes
438 633 520 665 eos
534 622 760 681 repertos
774 634 895 674 esse,
906 617 1097 666 iudicio
1108 618 1331 667 absoluti
1353 619 1702 668 adulescentes

202 700 255 744 et
278 696 565 760 suspicione
589 696 727 745 omni
749 696 959 745 liberati
994 702 1130 746 sunt.
1202 698 1363 746 Nemo
1387 699 1525 747 enim
1548 704 1697 762 puta·

202 777 293 824 bat
331 793 636 840 quemquam
672 793 795 836 esse,
834 776 929 839 qui
962 793 1076 825 cum
1113 777 1285 826 omnia
1322 778 1502 825 divina
1541 783 1697 840 atque

202 855 426 905 humana
475 856 589 904 iura
634 856 822 905 scelere
878 857 1074 905 nefario
1130 857 1413 921 polluisset,
1460 874 1694 905 somnum

202 936 380 984 statim
420 953 598 1001 capere
643 941 827 1000 posset,
875 941 1143 1000 propterea
1179 937 1328 999 quod,
1364 937 1455 1000 qui
1492 942 1696 984 tantum

202 1015 398 1064 facinus
434 1015 811 1072 commiserunt,
835 1032 940 1063 non
967 1016 1117 1063 modo
1149 1015 1258 1063 81116
1280 1032 1402 1064 cura
1424 1016 1697 1078 quiescere,

201 1096 289 1144 sed
311 1112 377 1144 ne
400 1095 591 1159 spirare
614 1095 821 1158 quidem
846 1095 956 1143 sine
979 1100 1122 1144 metu
1144 1100 1371 1160 possunt.

116 1174 176 1220 66
267 1175 469 1225 XXIV.
506 1174 789 1234 Videtisne,
813 1191 939 1238 (11108
978 1175 1125 1223 nobis
1166 1179 1344 1239 poetae
1372 1176 1697 1224 tradiderunt

201 1256 366 1319 patris
400 1255 680 1304 ulciscendi
708 1272 859 1303 causa
888 1255 1198 1319 supplicium
1229 1256 1292 1304 de
1325 1261 1487 1304 matre
1529 1273 1698 1320 sump-

200 1334 336 1391 sisse,
375 1350 489 1381 cum
542 1332 843 1396 praesertim
882 1333 1090 1380 deorum
1135 1333 1499 1382 immortalium
1543 1334 1698 1382 iussis

199 1417 355 1475 atque
399 1411 619 1460 oraculis
664 1411 720 1459 id
766 1411 947 1460 fecisse
992 1412 1247 1472 dicantur,
1289 1418 1462 1461 tamen
1508 1417 1568 1460 ut
1612 1430 1696 1461 eos

199 1493 399 1556 agitent
421 1491 608 1540 Furiae
630 1507 794 1553 neque
829 1491 1106 1540 consistere
1145 1509 1386 1555 umquam
1410 1493 1695 1557 patiantur,

198 1573 334 1637 quod
356 1588 421 1620 116
443 1572 519 1636 pii
541 1571 747 1635 quidem
770 1571 880 1619 sine
903 1571 1088 1620 scelere
1112 1588 1218 1620 esse
1242 1575 1557 1634 potuerunt?
1613 1571 1697 1620 Sic

199 1669 252 1701 se
273 1668 355 1700 res
377 1651 548 1710 habet,
570 1650 762 1698 iudices
783 1668 793 1698 :
830 1667 1070 1714 magnam
1091 1651 1213 1710 vim,
1234 1667 1468 1714 magnam
1482 1652 1696 1699 necessi-

199 1735 372 1788 tatem,
394 1745 632 1794 magnam
656 1729 884 1793 possidet
918 1729 1219 1792 religionem
1243 1735 1488 1793 paternus
1510 1734 1697 1777 mater-

199 1827 397 1874 nusque
420 1809 644 1874 sanguis,
669 1826 733 1857 ex
756 1825 856 1872 (1110
892 1809 935 1856 81
976 1825 1078 1871 qua
1111 1809 1309 1857 macula
1333 1815 1576 1873 concepta
1599 1815 1693 1868 est,

199 1907 303 1940 non
326 1891 473 1938 modo
496 1889 602 1937 elui
624 1906 727 1937 11011
758 1893 941 1952 potest,
966 1905 1146 1936 verum
1167 1905 1327 1951 usque
1350 1905 1407 1937 eo
1430 1895 1696 1952 permanat

200 1971 266 2019 ad
289 1970 528 2027 animum,
544 1973 605 2017 ut
628 1985 856 2017 summus
893 1969 1035 2016 furor
1071 1972 1227 2031 atque
1266 1969 1491 2017 amentia
1527 1985 1697 2018 conse-

116 2051 176 2097 67
200 2054 406 2114 quatur.
474 2049 650 2098 Nolite
686 2049 821 2097 enim
861 2053 1057 2111 putare,
1091 2065 1242 2112 quem
1287 2049 1352 2096 ad
1396 2049 1600 2097 modum
1638 2049 1696 2097 in

199 2129 388 2178 fabulis
424 2144 781 2191 saepenumero
805 2126 1011 2184 videtis,
1037 2143 1135 2186 608,
1175 2127 1267 2189 (1111
1302 2127 1502 2190 aliquid
1538 2128 1695 2191 impie

199 2208 539 2271 scelerateque
562 2207 937 2263 commiserunt,
963 2206 1149 2270 agitari
1175 2210 1227 2253 et
1250 2208 1522 2269 perterreri
1548 2208 1697 2255 Furi-

200 2303 344 2336 arum
365 2287 531 2336 taedis
554 2285 881 2335 ardentibus:
917 2301 1008 2333 sua
1043 2301 1292 2348 quemque
1323 2286 1465 2333 fraus
1487 2290 1540 2333 et
1573 2303 1695 2334 suus

200 2373 365 2417 terror
404 2366 625 2415 maxime
665 2371 832 2422 vexat,
859 2381 1007 2413 suum
1047 2380 1299 2426 quemque
1334 2365 1497 2412 scelus
1524 2365 1694 2427 agitat

201 2447 524 2509 amentiaque
547 2445 740 2503 adficit,
766 2461 884 2493 suae
907 2444 1070 2492 malae
1094 2443 1427 2507 cogitationes
1441 2445 1694 2492 conscien-

200 2527 405 2590 tiaeque
450 2525 608 2573 animi
653 2529 880 2573 terrent:
938 2524 1035 2572 hae
1081 2527 1205 2571 sunt
1239 2522 1414 2586 impiis
1459 2524 1693 2572 assiduae

202 2606 606 2669 domesticaeque
628 2604 826 2661 Furiae,
840 2620 967 2667 quae
991 2604 1098 2651 dies
1112 2606 1386 2664 noctesque
1404 2604 1694 2665 parentium

120 2694 181 2743 68
203 2701 390 2750 poenas
435 2701 465 2734 a
505 2683 1004 2734 consceleratissimis
1044 2683 1167 2730 filiis
1213 2685 1468 2744 repetunt.
1554 2683 1694 2733 Haec
