1832 2970
602 95 603 98 ,
635 60 723 95 rao
757 58 917 95 1108010
950 57 1188 92 AMERINO.
1591 44 1651 92 15

154 179 396 228 credibile
420 183 512 237 est,
536 181 752 225 mortem
776 175 1001 224 oblatam
1028 190 1136 224 0886
1160 172 1299 239 patri
1333 189 1364 221 a
1403 171 1512 221 filio
1542 172 1654 221 sine

155 259 393 324 plurimis
420 262 473 307 et
500 256 741 306 maximis
775 256 957 315 causis,
982 255 1056 305 810
1083 255 1179 304 hoc
1201 253 1313 303 veri
1348 252 1516 303 simile
1550 269 1654 302 non

154 344 248 398 est,
273 339 386 388 odio
421 336 578 386 fuisse
613 335 819 400 parenti
853 335 1021 384 filium
1048 334 1159 383 sine
1187 332 1353 383 causis
1386 332 1567 382 multis
1602 336 1656 381 et

156 418 358 484 magnis
388 421 441 467 et
463 416 776 466 necessariis.
848 417 1046 465 Rursus
1076 414 1244 478 igitur
1277 413 1452 463 eodem
1488 429 1656 462 rever·
1678 408 1739 460 41

156 503 327 548 tamur
360 501 413 546 et
458 512 778 560 quaeramus,
815 511 944 559 quae
989 499 1138 542 tanta
1177 493 1310 542 vitia
1354 493 1550 542 fuerint
1599 492 1657 541 111

155 578 306 627 1111100
329 577 450 636 11110,
467 592 625 640 quare
647 576 693 624 is
716 575 856 640 patri
879 574 1189 639 displiceret.
1229 574 1303 621 At
1326 573 1656 638 perspicuum

155 662 233 707 est
255 657 460 706 nullum
491 656 665 704 fuisse.
735 655 888 703 Pater
921 655 1087 719 igitur
1126 670 1316 711 amens,
1341 653 1432 717 qui
1467 654 1657 703 odisset

155 755 273 787 eum
310 737 420 786 81116
466 753 631 800 causa,
669 753 822 800 quem
862 735 1187 800 procrearat?
1254 733 1328 782 At
1366 733 1413 782 is
1450 733 1658 796 quidem

156 818 259 866 fuit
283 817 511 867 omnium
535 816 994 865 constantissimus.
1064 813 1205 878 Ergo
1236 813 1371 862 illud
1404 813 1509 862 iam
1546 830 1658 878 per-

155 898 392 962 spicuum
426 897 655 961 profecto
682 900 776 954 est,
814 894 860 944 si
889 910 1056 958 neque
1097 910 1271 943 amens
1308 897 1457 959 pater
1491 910 1658 958 neque

156 978 391 1042 perditus
421 977 560 1025 filius
584 976 758 1034 suerit,
781 992 948 1039 neque
975 975 1082 1024 odii
1105 991 1309 1023 causam
1332 973 1472 1039 patri
1493 990 1659 1038 neque

157 1057 363 1106 sceleris
386 1056 494 1105 filio
517 1056 689 1104 fuisse.

224 1136 342 1185 XV.
380 1143 392 1162 ⁴
407 1135 590 1185 Nescio
609 1135 620 1155 ’
667 1135 856 1199 inquit,
901 1141 912 1161 ‘
932 1151 1064 1198 quae
1110 1151 1261 1183 causa
1306 1135 1410 1183 odii
1468 1135 1627 1183 fuerit
1648 1153 1658 1183 :
1682 1137 1746 1185 42

157 1217 316 1265 fuisse
353 1216 529 1266 odium
564 1215 830 1280 intellego,
863 1215 988 1279 quia
1021 1219 1188 1273 antea,
1214 1232 1330 1264 cum
1363 1216 1492 1264 duos
1528 1216 1662 1264 filios

156 1296 386 1355 haberet,
432 1295 584 1344 illum
637 1295 875 1353 alterum,
922 1295 1014 1359 qui
1070 1299 1304 1344 mortuus
1350 1299 1442 1353 est,
1490 1311 1661 1344 secum

158 1377 299 1426 omni
323 1381 551 1441 tempore
573 1375 782 1424 volebat
809 1391 932 1434 6886,
960 1374 1100 1424 1111110
1131 1375 1189 1423 111
1226 1375 1437 1439 praedia
1467 1375 1661 1424 rustica

158 1457 447 1522 relegarat!
516 1456 663 1515 Quod
701 1455 891 1504 Erucio
928 1455 1192 1504 accidebat
1228 1455 1286 1503 in
1325 1454 1462 1504 mala
1499 1472 1567 1503 nu
1575 1472 1661 1519 ga-

157 1537 392 1601 toriaque
420 1536 758 1594 accusatione,
787 1535 926 1583 idem
960 1534 1092 1583 mihi
1119 1551 1218 1583 11811
1241 1534 1389 1583 venit
1416 1534 1473 1582 in
1510 1551 1661 1583 061186

158 1615 368 1682 optima.
439 1616 552 1675 Ille,
577 1632 680 1680 quo
702 1615 851 1664 modo
874 1615 1067 1664 crimen
1099 1613 1511 1664 commenticium
1546 1631 1662 1662 con-

158 1697 402 1755 firmaret,
439 1713 544 1745 non
583 1696 910 1744 inveniebat:
960 1711 1068 1758 ego,
1106 1711 1188 1742 res
1226 1699 1335 1742 tam
1381 1693 1520 1743 leves
1559 1711 1662 1759 qua

158 1777 358 1826 ratione
393 1776 650 1825 infirmem
690 1792 749 1824 ac
788 1775 998 1833 diluam,
1031 1773 1255 1838 reperire
1294 1790 1399 1822 non
1438 1790 1659 1839 possum.

160 1855 297 1915 Quid
320 1856 411 1914 ais,
435 1855 626 1904 Eruci?
647 1859 727 1902 tot
750 1853 974 1918 praedia,
1001 1857 1107 1902 tam
1135 1852 1366 1917 pulchra,
1391 1858 1501 1902 tam
1525 1855 1661 1903 11110-
1683 1853 1745 1902 43

161 1939 312 1985 1311086
335 1936 449 1985 Sex.
475 1934 689 1983 Roscius
713 1934 821 1982 filio
853 1950 944 1983 suo
976 1933 1310 1998 relegationis
1334 1950 1393 1982 60
1416 1934 1661 1999 supplicii

162 2014 334 2079 gratia
387 2013 595 2063 colenda
631 2030 690 2061 ac
724 2013 919 2061 tuenda
955 2012 1274 2061 tradiderat?
1355 2012 1530 2071 Quid?
1565 2013 1661 2062 hoc

162 2099 336 2159 patres
391 2093 628 2151 familias,
684 2093 777 2156 qui
836 2092 1025 2141 liberos
1083 2091 1293 2150 habent,
1358 2094 1659 2156 praesertim

161 2173 395 2224 homines
437 2172 582 2221 illius
641 2172 837 2220 ordinis
891 2189 955 2220 ex
1013 2172 1311 2236 municipiis
1367 2172 1658 2231 rusticanis,

161 2270 332 2304 nonne
355 2252 734 2318 optatissimum
758 2252 858 2301 sibi
892 2257 1083 2317 putant
1106 2267 1230 2311 esse,
1265 2252 1399 2301 filios
1434 2269 1550 2302 suos
1583 2253 1659 2302 rei

162 2333 409 2382 familiari
453 2331 675 2380 maxime
721 2332 914 2381 servire
959 2337 1011 2381 et
1051 2333 1107 2381 in
1154 2333 1376 2397 praediis
1433 2332 1659 2382 colendis

162 2430 344 2479 operae
367 2413 650 2478 plurimum
677 2412 939 2478 studiique
974 2415 1305 2462 consumere?
1371 2413 1457 2461 An
1487 2429 1658 2461 aman·
1681 2412 1743 2463 44

163 2494 312 2542 darat
347 2493 487 2542 hunc
531 2492 618 2551 sic,
655 2497 716 2541 ut
752 2497 885 2542 esset
929 2492 987 2540 in
1031 2509 1157 2558 agro
1202 2509 1260 2541 60
1306 2492 1660 2541 tantummodo

162 2574 386 2622 aleretur
418 2574 484 2622 ad
514 2573 731 2623 villam?
763 2578 824 2622 ut
855 2574 1130 2623 commodis
1162 2572 1398 2622 omnibus
1429 2575 1661 2622 careret?

164 2655 337 2714 Quid?
369 2655 414 2705 81
449 2660 650 2706 constat
683 2655 822 2705 hunc
861 2673 966 2706 non
993 2656 1140 2706 modo
1172 2654 1397 2705 colendis
1436 2652 1660 2720 praediis
