1832 2970
651 97 738 133 Pno
774 96 934 131 Rosam
968 95 1205 131 Amnmuo.
1604 83 1668 128 47

170 211 234 263 de
257 212 626 279 proscriptione
649 217 742 271 est,
767 211 877 262 sive
900 210 1111 263 Valeria
1133 214 1211 260 est
1234 209 1344 260 sive
1368 207 1670 260 Cornelia—

171 311 277 343 non
300 294 439 344 enim
471 292 595 342 novi
617 308 711 342 nec
734 293 1103 351 sci0,—verum
1127 292 1230 342 ista
1252 293 1365 358 ipsa
1397 291 1514 356 lege
1535 290 1670 339 bona

171 375 286 424 Sex.
310 372 482 423 Roscii
504 372 681 422 venire
718 371 810 437 qui
849 375 1169 437 potuerunt?
1237 372 1498 438 Scriptum
1531 370 1670 421 enim

170 453 247 503 ita
283 453 462 503 dicunt
497 468 619 513 esse,
658 459 669 479 ‘
685 457 747 501 ut
780 469 955 502 eorum
990 452 1126 501 bona
1165 457 1402 514 veneant,
1429 452 1521 517 qui
1556 469 1670 518 pro-

169 532 351 598 scripti
386 532 539 592 sunt,’
581 531 761 597 quoin
797 548 1009 581 numero
1046 531 1160 582 Sex.
1185 531 1398 581 Roscius
1434 549 1539 581 non
1575 538 1669 592 est,

170 621 182 642 ‘
207 617 298 663 aut
321 630 508 671 eorum,
534 612 627 677 qui
664 612 721 661 in
762 611 1169 661 adversariorum
1205 612 1479 677 praesidiis
1520 614 1670 663 occisi

167 693 321 742 sunt.'
390 693 528 741 Dum
562 692 817 759 praesidia
851 691 960 741 ulla
995 692 1221 751 fuerunt,
1246 691 1304 740 in
1330 692 1502 742 Sullae
1526 710 1669 758 prae-

167 772 314 823 sidiis
350 772 478 822 fuit:
516 776 850 838 posteaquam
891 771 956 821 ab
998 771 1154 820 armis
1191 787 1446 822 recessum
1486 778 1577 833 est,
1613 773 1669 823 in

167 870 363 905 summo
399 853 502 913 otio
540 853 741 902 rediens
778 870 808 902 a
841 869 966 903 cena
1002 853 1190 902 Romae
1225 851 1418 903 occisus
1451 858 1545 903 est.
1616 854 1671 904 Si

167 934 298 999 lege,
333 935 467 984 bona
506 950 708 998 quoque
744 933 860 998 lege
895 932 1116 983 veniisse
1148 933 1312 982 fateor
1326 952 1338 992 ;
1375 933 1457 982 sin
1496 938 1670 983 autem

168 1018 368 1064 constat
391 1018 568 1064 contra
590 1030 762 1062 omnes
784 1030 888 1063 non
922 1013 1069 1063 modo
1091 1017 1288 1063 veteres
1310 1014 1466 1079 leges,
1490 1031 1672 1064 verum

169 1093 328 1143 etiam
365 1109 524 1143 novas
561 1093 781 1143 occisum
817 1109 936 1153 esse,
972 1093 1106 1142 bona
1151 1110 1252 1158 quo
1288 1094 1400 1144 iure
1437 1100 1530 1144 aut
1569 1112 1671 1160 quo

170 1174 318 1223 modo
352 1177 444 1223 aut
477 1190 577 1237 qua
609 1173 723 1238 lege
755 1173 1029 1232 venierint,
1076 1189 1277 1237 quaero.
1359 1174 1552 1225 XLIV.
1604 1176 1670 1225 In

169 1269 323 1317 quem
344 1252 439 1303 hoc
462 1253 643 1312 dicam,
670 1252 887 1316 quaeris,
914 1252 1105 1300 Eruci?
1138 1269 1243 1301 non
1277 1253 1334 1301 in
1358 1270 1492 1315 eum,
1517 1271 1670 1318 quem

168 1332 249 1382 vis
272 1337 324 1382 et
347 1336 530 1398 putas3
564 1349 686 1380 nam
709 1332 906 1382 Sullam
929 1336 982 1381 et
999 1332 1161 1382 oratio
1184 1349 1296 1381 mea
1327 1333 1392 1382 ab
1428 1333 1583 1384 initio
1617 1339 1671 1385 et

168 1412 331 1478 ipsius
353 1412 536 1463 eximia
569 1412 738 1461 virtus
778 1411 919 1461 omni
958 1416 1186 1476 tempore
1222 1413 1486 1478 purgavit.
1558 1415 1670 1480 Ego

168 1493 292 1543 haec
307 1492 477 1543 omnia
492 1493 882 1558 Chrysogonum
899 1491 1078 1541 fecisse
1093 1491 1220 1551 dico,
1241 1497 1303 1542 ut
1317 1494 1668 1555 ementiretur,

167 1577 228 1623 ut
251 1572 442 1622 malum
464 1572 629 1622 civem
652 1572 766 1622 Sex,
790 1571 1030 1621 Roscium
1053 1572 1212 1622 fuisse
1228 1572 1461 1638 fingeret,
1478 1579 1539 1623 ut
1554 1592 1670 1625 eum

166 1653 304 1717 apud
343 1652 661 1702 adversarios
698 1652 920 1702 occisum
959 1669 1067 1702 esse
1107 1652 1314 1712 diceret,
1339 1658 1400 1703 ut
1434 1654 1572 1705 hisce
1606 1657 1670 1707 de

165 1733 318 1782 rebus
335 1750 366 1781 a
387 1732 575 1797 legatis
599 1732 961 1781 Amerinorum
985 1733 1153 1782 doceri
1176 1734 1234 1782 L.
1261 1733 1459 1784 Sullam
1490 1752 1669 1800 passus

165 1826 269 1859 non
292 1810 373 1859 sit.
443 1809 679 1873 Denique
702 1809 859 1859 etiam
889 1809 1023 1857 illud
1046 1810 1289 1874 suspicor,
1314 1810 1520 1861 omnino
1543 1812 1669 1863 haec

166 1889 300 1938 bona
320 1906 426 1939 non
448 1889 684 1947 veniisse,
711 1889 765 1937 id
789 1889 925 1954 quod
944 1893 1134 1953 postea,
1160 1890 1205 1939 si
1228 1906 1319 1954 per
1336 1907 1442 1951 vos,
1458 1890 1666 1951 iudices,

166 1968 372 2019 licitum
409 1968 524 2027 erit,
566 1969 840 2033 aperietur.
911 1968 1105 2033 Opinor
1141 1969 1279 2018 enim
1319 1986 1426 2019 esse
1459 1969 1517 2018 in
1539 1972 1666 2036 lege,

168 2065 323 2112 quam
359 2048 424 2098 ad
459 2048 597 2096 diem
633 2048 1028 2113 proscriptiones
1066 2048 1492 2114 venditionesque
1522 2051 1666 2110 fiant,

169 2128 426 2177 Kalendas
470 2128 661 2177 Iunias.
753 2128 968 2193 Aliquot
1024 2133 1140 2194 post
1184 2146 1381 2179 menses
1425 2135 1478 2179 et
1517 2131 1668 2181 homo

167 2208 361 2256 occisus
384 2212 463 2257 est
486 2213 539 2257 et
562 2209 695 2258 bona
732 2208 954 2258 veniisse
991 2209 1249 2259 dicuntur.
1321 2211 1555 2262 Profecto
1577 2218 1668 2262 aut

167 2286 291 2336 haec
313 2288 446 2336 bona
465 2287 520 2336 in
544 2288 746 2337 tabulas
768 2289 1001 2354 publicas
1022 2289 1169 2338 nulla
1191 2290 1456 2340 redierunt
1478 2309 1669 2357 nosque

167 2367 232 2415 ab
261 2367 361 2416 isto
396 2367 649 2418 nebulone
679 2368 895 2418 facetius
928 2369 1187 2418 eludimur
1221 2387 1376 2435 quam
1410 2376 1666 2436 putamus,

167 2450 258 2494 aut
297 2447 342 2495 si
373 2446 648 2506 redierunt,
673 2448 879 2497 tabulae
914 2449 1150 2514 publicae
1186 2455 1453 2516 corruptae
1492 2451 1667 2516 aliqua

167 2526 366 2576 ratione
410 2532 560 2578 sunt:
612 2545 732 2577 nam
762 2529 876 2594 lege
912 2529 1123 2594 quidem
1167 2530 1301 2579 bona
1345 2531 1523 2581 venire
1562 2549 1666 2582 non

167 2607 391 2670 potuisse
409 2613 621 2659 constat.
691 2609 947 2675 Intellego
969 2626 1051 2659 me
1074 2614 1193 2659 ante
1217 2615 1435 2676 tempus,
1455 2612 1663 2672 iudiceS‚

168 2685 290 2736 haec
314 2688 532 2739 scrutari
555 2693 608 2738 et
631 2706 787 2755 prope
805 2692 1011 2741 modum
1035 2707 1218 2752 errare,
1238 2690 1344 2756 qui,
1371 2707 1486 2741 cum
1505 2692 1666 2758 capiti

1692 372 1782 420 126

1693 1170 1782 1218 127

1691 1973 1778 2022 128
