1832 2970
572 85 659 120 mzo
692 86 850 121 nosc1o
884 85 1119 120 Auxume.
1552 74 1581 118 3

85 223 207 272 pore
252 210 454 255 nostrae
500 201 743 259 civitatis,
785 202 845 250 L.
884 201 1151 251 Cornelius
1198 200 1580 264 Chrysogonus.

86 286 141 335 Is
186 303 216 334 a
261 284 421 342 vobis,
459 282 668 340 iudices,
709 281 804 330 hoc
845 281 1088 345 postulat,
1128 285 1203 339 ut,
1242 279 1484 344 quoniam
1523 278 1580 326 in

85 362 307 412 alienam
350 358 620 425 pecuniam
665 362 773 406 tam
818 358 1022 422 plenam
1068 362 1223 421 atque
1270 355 1581 420 praeclaram

89 439 232 488 nullo
267 438 378 486 iure
417 435 668 484 invaserit
708 435 1052 499 quoniamque
1092 435 1140 483 ei
1180 435 1425 498 pecuniae
1470 433 1583 482 vita

86 521 201 571 Sex.
234 517 404 568 Roscii
435 517 637 567 obstare
674 521 830 580 atque
858 517 1052 565 officere
1079 515 1334 573 videatur,
1368 514 1582 563 deleatis

85 616 149 648 ex
179 597 349 648 animo
383 613 474 646 suo
504 596 844 660 suspicionem
871 611 1072 644 omnem
1103 599 1400 658 metumque
1434 593 1583 643 tolla-

85 678 183 726 tis:
218 693 326 727 sese
362 675 458 725 hoc
493 675 739 724 incolumi
777 691 881 723 non
921 675 1206 723 arbitratur
1243 674 1398 722 huius
1439 674 1583 721 inno-

82 757 246 807 centis
275 756 643 821 patrimonium
673 760 781 803 tam
812 755 1040 819 amplum
1069 759 1121 803 et
1152 749 1411 819 copiosum
1439 770 1583 819 posse

82 833 340 884 obtinere:
375 834 618 882 damnato
657 838 710 881 et
750 833 908 881 eiecto
945 836 1118 896 sperat
1158 848 1209 879 80
1250 847 1409 895 posse,
1447 831 1583 895 quod

82 914 300 978 adeptus
341 917 419 962 est
454 929 547 978 per
584 913 764 971 scelus,
802 912 858 960 id
897 928 990 976 per
1025 911 1287 959 luxuriam
1324 911 1582 959 effundere

81 998 239 1056 atque
273 1009 581 1042 consumere.
649 992 806 1040 Hunc
839 991 941 1040 sibi
967 1008 1030 1039 ex
1061 991 1232 1040 animo
1267 990 1580 1055 scrupulum,

83 1072 173 1136 qui
199 1089 252 1121 se
275 1072 384 1120 dies
400 1076 675 1138 noctesque
694 1071 930 1119 stimulat
947 1087 1004 1119 ac
1022 1071 1226 1135 pungit,
1246 1075 1308 1118 ut
1330 1069 1580 1128 evellatis,

85 1151 316 1215 postulat
351 1156 413 1199 ut
452 1151 517 1198 ad
554 1151 688 1198 hanc
725 1167 870 1198 suam
905 1151 1146 1214 praedam
1186 1155 1294 1197 tam
1331 1149 1581 1198 nefariam

83 1229 344 1278 adiutores
388 1245 480 1277 vos
525 1228 886 1292 profiteamini.
969 1227 1085 1276 Nisi
1131 1228 1277 1275 vobis
1323 1244 1486 1290 aequa
1530 1232 1583 1276 et
1606 1225 1634 1272 7

81 1309 298 1358 honesta
363 1309 644 1373 postulatio
710 1309 934 1366 videtur,
992 1307 1200 1365 iudices,
1259 1324 1352 1371 ego
1407 1311 1584 1356 contra

81 1390 291 1438 brevem
335 1389 734 1454 postulationem
781 1389 955 1436 adfero
1001 1393 1067 1448 et,
1114 1405 1214 1451 quo
1260 1388 1407 1436 modo
1452 1387 1583 1435 mihi

52 1470 374 1535 ‚persuadeQ
422 1469 688 1533 aliquanto
733 1469 1040 1532 aequiorem.
1125 1468 1227 1516 III.
1275 1468 1506 1516 Primum
1553 1484 1584 1516 a

82 1549 417 1614 Chrysogono
472 1554 591 1613 peto
636 1554 697 1597 ut
742 1549 958 1613 pecunia
1015 1549 1338 1612 fortunisque
1393 1548 1584 1597 nostris

81 1634 352 1678 contentus
375 1629 461 1687 sit,
486 1629 792 1693 sanguinem
816 1633 869 1676 et
891 1628 1058 1676 vitam
1093 1645 1158 1676 ne
1189 1633 1362 1692 petat3
1399 1628 1583 1677 deinde

80 1726 112 1758 a
133 1710 295 1768 vobis,
318 1709 528 1769 iudices,
552 1713 615 1757 ut
636 1708 909 1757 audacium
937 1708 1116 1758 sceleri
1142 1708 1412 1765 resistatis,
1436 1708 1582 1756 inno—

81 1790 309 1838 centium
332 1788 678 1837 calamitatem
708 1787 893 1836 levetis
920 1793 973 1835 et
1000 1789 1057 1835 in
1088 1804 1239 1836 causa
1271 1787 1385 1837 Sex.
1412 1787 1583 1836 Roscii

81 1869 383 1934 periculum,
426 1868 562 1932 quod
600 1867 658 1915 in
697 1884 870 1915 omnes
910 1867 1217 1926 intenditur,
1254 1867 1579 1932 propulsetis.

81 1949 275 2007 Quodsi
313 1953 406 1997 aut
445 1964 598 1997 causa
641 1947 873 1996 criminis
917 1953 1009 1995 aut
1055 1948 1178 1996 facti
1223 1948 1444 2012 suspicio
1489 1954 1582 1997 aut
1604 1952 1633 1997 8

81 2027 344 2092 quaelibet
376 2027 596 2090 denique
627 2026 713 2074 vel
742 2026 959 2074 minima
986 2043 1066 2075 res
1098 2027 1399 2091 reperietur,
1425 2044 1580 2091 quam

81 2107 146 2155 ob
169 2123 277 2155 rem
299 2106 575 2154 videantur
604 2105 687 2153 illi
716 2122 819 2154 non
850 2105 988 2157 nihil
1017 2110 1191 2154 tamen
1222 2106 1279 2154 in
1307 2107 1580 2155 deferendo

81 2187 286 2235 nomine
326 2186 504 2244 secuti,
544 2190 797 2250 postremo
837 2185 882 2234 si
921 2191 1124 2250 praeter
1169 2203 1279 2234 eam
1325 2171 1578 2251 praedam,

81 2283 236 2332 quam
270 2266 395 2324 dixi,
431 2265 711 2330 quidquam
735 2266 878 2314 aliud
912 2283 1090 2315 causae
1123 2266 1442 2326 inveneritis,
1477 2285 1581 2316 non

80 2362 373 2395 recusamus
413 2345 542 2409 quin
580 2345 789 2394 illorum
834 2345 1045 2394 libidini
1091 2346 1204 2396 Sex.
1254 2347 1424 2395 Roscii
1469 2346 1581 2394 vita

56 2487 59 2492 ,
82 2427 313 2475 dedatur.
383 2426 476 2476 Sin
507 2426 652 2474 aliud
682 2426 859 2489 agitur
888 2426 1026 2475 nihil
1053 2427 1156 2475 nisi
1187 2431 1248 2474 ut
1278 2427 1343 2475 iis
1366 2443 1431 2474 ne
1454 2426 1581 2490 quid

82 2507 230 2565 desit,
249 2506 437 2570 quibus
460 2505 587 2555 satis
610 2505 747 2552 nihil
764 2510 856 2564 est,
875 2506 920 2554 si
942 2506 1039 2554 hoc
1061 2506 1226 2555 solum
1241 2506 1335 2554 hoc
1354 2511 1582 2570 tempore

58 2590 361 2651 pugnatur,
393 2590 455 2634 ut
484 2586 552 2633 ad
577 2585 723 2632 illam
751 2585 972 2650 opimam
1000 2586 1411 2650 praeclaramque
1438 2602 1581 2650 prae-

85 2667 202 2716 dam
238 2665 501 2716 danmatio
539 2665 652 2715 Sex.
687 2666 857 2715 Roscii
888 2667 1034 2715 velut
1075 2666 1310 2715 cumulus
1340 2667 1579 2716 accedat:

1286 2760 1316 2792 Β
1352 2749 1382 2795 2
