1832 2970
189 97 250 146 42
647 111 736 147 mo
768 110 929 147 Roscm
962 111 1201 148 Amnum.

74 225 163 276 113
185 224 358 274 disset.
427 226 576 275 Itane
601 229 713 275 est?
746 227 813 275 In
835 227 1062 277 minimis
1083 229 1235 277 rebus
1264 228 1355 292 qui
1381 228 1679 279 mandatum

185 304 488 369 neglexerit,
521 305 819 365 turpissimo
855 306 1045 355 iudicio
1079 299 1447 356 condemnetur
1481 323 1682 356 necesse

186 388 290 432 est:
327 383 384 431 in
410 400 466 432 re
496 388 659 444 tanta,
688 401 804 434 cum
834 386 892 444 is,
919 378 1003 434 cui
1036 386 1173 435 fama
1206 387 1410 444 mortui,
1447 387 1682 435 fortunae

185 463 297 511 vivi
320 463 698 514 commendatae
721 471 844 514 sunt
867 471 1021 530 atque
1045 467 1374 525 concreditae,
1397 466 1683 531 ignominia

186 547 461 603 mortuum,
502 544 661 609 inopia
700 545 849 593 vivum
885 546 1142 605 adfecerit,
1182 546 1228 594 is
1263 546 1403 595 inter
1441 546 1681 596 honestos

185 623 418 674 homines
451 629 608 688 atque
647 626 770 675 adeo
804 626 942 675 inter
977 627 1125 676 vivos
1161 627 1552 676 numerabitur?
1617 626 1684 675 In

185 703 414 754 minimis
452 705 774 769 privatisque
806 706 959 755 rebus
992 706 1149 755 etiam
1182 706 1509 771 neglegentia
1542 723 1684 755 man-

188 784 300 833 dati
321 784 380 832 in
403 785 596 834 crimen
618 784 972 849 iudiciumque
994 790 1221 845 vocatur,
1240 790 1510 850 propterea
1532 786 1683 849 quod,

188 863 234 911 si
255 867 394 913 recte
418 864 524 923 fiat,
548 864 700 912 illum
722 865 995 929 neglegere
1026 869 1258 929 oporteat
1288 865 1379 928 qui
1408 864 1684 922 mandarit,

188 960 292 992 non
331 943 482 991 illum
522 945 613 1008 qui
657 945 959 993 mandatum
998 944 1275 1008 receperit:
1324 943 1382 992 in
1425 959 1482 993 re
1521 948 1684 1004 tanta,

188 1039 318 1087 quae
362 1023 566 1087 publice
610 1028 756 1088 gesta
801 1028 959 1087 atque
1008 1023 1274 1072 commissa
1318 1023 1401 1080 sit,
1447 1022 1538 1086 qui
1581 1039 1687 1071 non

187 1103 518 1168 neglegentia
554 1103 819 1168 privatum
855 1103 1066 1167 aliquod
1107 1103 1426 1152 commodum
1461 1102 1685 1161 laeserit,

189 1183 279 1233 sed
308 1183 524 1248 perfidia
551 1183 828 1247 legationis
856 1183 1023 1248 ipsius
1054 1183 1411 1233 caerimoniam
1445 1182 1687 1247 polluerit

188 1263 488 1327 maculaque
510 1262 772 1321 adfecerit,
797 1279 899 1326 qua
922 1262 967 1311 is
992 1262 1200 1312 tandem
1230 1279 1394 1327 poena
1421 1262 1688 1311 adficietur

74 1345 166 1394 114
187 1347 280 1392 aut
293 1360 394 1407 quo
414 1342 608 1391 iudicio
626 1341 993 1391 damnabitur?
1028 1341 1082 1392 Si
1095 1341 1229 1391 hanc
1246 1342 1294 1390 ei
1311 1359 1419 1391 rem
1441 1341 1689 1406 privatim

190 1422 304 1472 Sex.
329 1421 542 1471 Roscius
564 1421 926 1480 mandavisset,
950 1426 1012 1470 ut
1043 1438 1159 1470 cum
1190 1421 1526 1486 Chrysogono
1548 1424 1689 1468 tran-

188 1501 381 1567 sigeret
414 1507 570 1566 atque
593 1502 849 1551 decideret
880 1502 1038 1565 inque
1071 1519 1183 1551 eam
1213 1518 1322 1551 rem
1352 1502 1507 1550 fidem
1529 1517 1688 1558 suam,

191 1581 237 1631 si
267 1581 395 1645 quid
427 1597 554 1646 opus
583 1597 690 1630 esse
723 1585 948 1645 putaret,
980 1581 1344 1645 interponeret,
1369 1580 1558 1643 illeque
1581 1596 1689 1628 sese

190 1663 449 1711 facturum
493 1661 779 1726 recepisset,
820 1678 1004 1719 nonne,
1043 1661 1089 1710 si
1128 1678 1192 1709 ex
1232 1678 1289 1711 eo
1329 1661 1534 1725 negotio
1580 1666 1689 1709 tan-

192 1741 362 1790 tulum
417 1741 476 1790 in
529 1758 638 1791 rem
687 1757 831 1790 suam
877 1741 1229 1799 convertisset,
1275 1740 1547 1789 damnatus
1598 1756 1690 1805 per

190 1820 446 1870 arbitrum
481 1825 534 1871 et
568 1838 677 1870 rem
716 1820 1015 1869 restitueret
1050 1825 1104 1869 et
1136 1819 1457 1869 honestatem
1491 1836 1691 1868 omnem

77 1904 166 1953 115
191 1900 486 1949 amitteret?
552 1900 702 1950 Nunc
746 1917 851 1949 non
894 1900 1028 1950 hanc
1072 1900 1121 1948 ei
1164 1916 1274 1949 rem
1318 1899 1432 1949 Sex.
1478 1899 1690 1949 Roscius

193 1980 478 2038 mandavit,
503 1981 608 2039 sed,
634 1981 690 2029 id
722 1981 859 2045 quod
889 1980 1054 2028 multo
1084 1979 1295 2044 gravius
1326 1983 1418 2037 est,
1442 1978 1551 2043 ipse
1575 1978 1691 2028 Sex.

192 2057 405 2107 Roscius
476 2073 592 2106 cum
662 2058 815 2118 fama,
872 2057 986 2105 vita
1054 2057 1303 2120 bonisque
1372 2055 1609 2105 omnibus
1662 2071 1692 2103 a

192 2136 552 2187 decurionibus
605 2136 811 2200 publice
864 2137 1138 2185 mandatus
1183 2140 1275 2195 est,
1322 2140 1374 2184 et
1419 2152 1483 2184 ex
1527 2150 1586 2184 eo
1631 2134 1690 2183 T.

193 2217 406 2267 Roscius
436 2233 541 2266 non
572 2216 787 2281 paulum
816 2216 986 2266 nescio
1017 2215 1144 2280 quid
1174 2215 1231 2263 in
1265 2232 1373 2264 rem
1404 2231 1547 2264 suam
1577 2230 1692 2263 con-

193 2297 370 2355 vertit,
412 2297 500 2345 sed
540 2295 679 2344 hunc
719 2295 958 2344 funditus
1003 2295 1195 2344 evertit
1238 2294 1400 2353 bonis,
1437 2294 1546 2358 ipse
1590 2293 1691 2341 tria

194 2376 403 2441 praedia
442 2375 544 2425 sibi
587 2375 832 2440 depactus
868 2380 960 2433 est,
1002 2375 1324 2424 voluntatem
1363 2374 1692 2423 decurionum

194 2474 251 2506 ac
273 2455 593 2521 municipum
616 2455 843 2505 omnium
872 2455 1127 2504 tantidem
1157 2454 1343 2519 quanti
1372 2454 1524 2503 fidem
1547 2471 1692 2504 suam

194 2536 331 2587 fecit.

85 2616 172 2663 116
261 2616 374 2665 XL.
409 2616 599 2667 Videte
631 2614 735 2664 iam
775 2630 925 2678 porro
966 2619 1149 2676 cetera,
1190 2614 1396 2671 iudices,
1438 2618 1500 2663 ut
1540 2613 1692 2662 intel-

196 2696 382 2760 legatis
405 2695 713 2745 maleficium
744 2693 949 2742 nullum
977 2694 1108 2758 fingi
1139 2711 1299 2759 posse,
1324 2711 1425 2759 quo
1455 2694 1554 2743 iste
1586 2710 1691 2743 sese
