1832 2970
281 128 343 177 52
753 145 838 181 pao
872 146 1031 183 Rosc1o
1065 147 1300 184 AMERmo.

276 258 450 308 caedes
494 263 547 307 et
591 259 797 324 rapinas
842 265 896 309 et
939 261 1032 311 hos
1074 266 1247 312 tantos
1291 267 1499 327 tamque
1546 265 1775 328 profusos

275 342 508 402 sumptus
545 342 638 387 aut
673 339 866 389 facient
902 346 996 390 aut
1031 342 1405 407 adprobabunt,
1439 343 1559 393 nolo
1594 343 1652 391 in
1690 360 1775 395 eos

275 417 486 481 gravius
525 418 805 482 quidquam
838 435 903 468 ne
939 420 1124 470 ominis
1160 422 1368 485 quidem
1403 438 1555 471 causa
1591 422 1771 480 dicere,

272 515 435 546 unum
473 497 568 547 hoc
607 498 748 547 dico:
783 500 947 548 nostri
983 500 1066 549 illi
1104 502 1316 559 nobiles,
1352 502 1454 550 nisi
1493 501 1773 567 vigilantes

272 581 326 626 et
342 577 463 626 boni
486 582 538 627 et
562 579 720 627 fortes
743 584 795 627 et
818 580 1165 630 misericordes
1188 587 1355 642 erunt,
1378 582 1444 631 iis
1461 581 1771 641 hominibus,

271 657 330 705 in
382 657 571 722 quibus
615 658 742 707 haec
787 664 956 718 erunt,
1002 666 1301 710 ornamenta
1353 678 1446 710 sua
1491 662 1771 710 concedant

157 735 248 784 140
272 753 472 786 necesse
506 742 598 787 est.
669 738 993 804 Quapropter
1023 741 1262 790 desinant
1292 741 1569 805 aliquando
1603 741 1771 789 dicere

272 817 405 865 male
441 817 665 880 aliquem
700 818 933 867 locutum
969 836 1089 879 esse,
1131 820 1176 869 si
1214 821 1305 884 qui
1345 837 1463 869 vere
1508 838 1566 870 ac
1609 821 1770 869 libere

269 896 472 945 locutus
494 897 564 945 sit
578 917 591 955 3
628 898 867 947 desinant
889 915 1032 948 suam
1055 917 1259 949 causam
1290 917 1404 949 cum
1438 900 1769 965 Chrysogono

273 976 647 1025 communicare
662 996 675 1035 3
713 977 968 1038 desinant,
1004 980 1049 1028 si
1082 980 1172 1028 ille
1208 980 1374 1029 laesus
1398 980 1482 1039 sit,
1506 981 1569 1029 de
1592 997 1645 1030 se
1678 981 1770 1029 ali-

271 1056 398 1120 quid
437 1057 723 1106 detractum
771 1058 1046 1116 arbitrari;
1082 1059 1296 1108 videant
1340 1076 1405 1109 ne
1438 1064 1590 1125 turpe
1623 1061 1771 1109 mise-

271 1151 488 1200 rumque
511 1136 582 1185 sit
613 1153 711 1195 eos,
737 1136 829 1201 qui
862 1143 1148 1201 equestrem
1177 1139 1499 1203 splendorem
1532 1139 1645 1205 pati
1667 1156 1770 1189 non

270 1219 564 1279 potuerunt,
581 1215 717 1264 servi
731 1216 1035 1280 nequissimi
1050 1218 1447 1267 dominationem
1462 1219 1594 1268 ferre
1607 1235 1766 1284 posse.

272 1293 411 1352 Quae
433 1293 644 1358 quidem
667 1295 963 1355 dominatio,
988 1297 1195 1356 iudices,
1220 1298 1277 1346 in
1300 1298 1417 1346 aliis
1439 1299 1590 1347 rebus
1614 1304 1767 1349 antea

269 1375 600 1432 versabatur;
636 1391 774 1423 nunc
811 1392 934 1425 vero
979 1379 1173 1440 quam
1219 1378 1399 1426 viam
1444 1379 1761 1438 munitet,

268 1454 444 1517 quod
478 1454 620 1503 iter
653 1455 981 1513 adfectet,
1027 1457 1246 1505 videtis:
1271 1458 1336 1506 ad
1375 1458 1542 1518 fidem,
1577 1459 1644 1507 ad
1681 1457 1765 1507 ius

266 1533 558 1594 iurandum,
577 1534 642 1582 ad
656 1534 847 1583 iudicia
854 1539 1040 1595 vestra,
1052 1537 1116 1584 ad
1130 1536 1199 1595 id,
1210 1537 1346 1600 quod
1360 1538 1524 1586 solum
1538 1555 1695 1603 prope
1707 1539 1764 1586 in

153 1605 240 1653 141
270 1613 483 1663 civitate
517 1614 770 1663 sincerum
802 1619 1137 1679 sanctumque
1158 1621 1333 1665 restat.
1396 1617 1586 1666 Hicine
1608 1618 1765 1667 etiam

266 1709 373 1743 sese
381 1697 534 1758 putat
548 1693 745 1757 aliquid
755 1710 898 1758 posse
914 1694 1304 1759 Chrysogonus?
1325 1695 1410 1745 hic
1418 1696 1574 1744 etiam
1583 1701 1764 1761 potens

268 1789 376 1822 esse
393 1772 548 1821 vult?
569 1789 599 1822 o
621 1789 729 1822 rem
752 1772 990 1822 miseram
1005 1779 1159 1838 atque
1177 1775 1435 1824 acerbam!
1483 1775 1661 1839 Neque
1683 1793 1765 1825 me

266 1852 497 1902 hercules
520 1853 616 1902 hoc
638 1853 854 1918 indigne
878 1854 1000 1913 fero,
1024 1855 1159 1918 quod
1190 1871 1368 1904 verear
1395 1872 1463 1904 ne
1493 1857 1620 1919 quid
1650 1873 1763 1921 pos-

264 1933 349 1992 sit,
381 1950 562 1982 verum
593 1934 729 1997 quod
759 1951 912 1984 ausus
942 1939 1035 1997 est,
1063 1935 1198 1999 quod
1229 1935 1456 1999 speravit
1487 1953 1594 1986 sese
1624 1938 1763 2001 apud

263 2013 393 2062 tales
416 2013 554 2062 viros
577 2013 774 2078 aliquid
796 2014 1046 2062 valiturum
1068 2014 1133 2063 ad
1155 2014 1433 2078 perniciem
1456 2015 1760 2075 innocentis,

263 2092 320 2140 id
369 2092 541 2156 ipsum
598 2109 796 2156 queror.
890 2093 1087 2143 XLIX.
1144 2094 1410 2143 Idcircone
1465 2101 1763 2159 experrecta

266 2172 510 2221 nobilitas
533 2173 688 2220 armis
711 2178 866 2236 atque
884 2174 1019 2222 ferro
1032 2189 1139 2221 rem
1157 2174 1416 2238 publicam
1438 2175 1759 2240 reciperavit,

266 2255 328 2300 ut
366 2251 432 2300 ad
467 2251 736 2300 libidinem
781 2268 925 2300 suam
963 2252 1140 2301 liberti
1179 2253 1467 2317 servolique
1510 2254 1761 2304 nobilium

153 2326 245 2380 142
266 2330 400 2380 bona
444 2330 775 2394 fortunasque
819 2336 1021 2380 nostras
1064 2348 1252 2381 vexare
1297 2335 1540 2397 possent?
1605 2333 1662 2383 Si
1706 2335 1759 2383 id

267 2415 439 2460 actum
480 2414 574 2468 est,
615 2411 779 2459 fateor
814 2427 895 2459 me
935 2427 1142 2471 errasse,
1191 2411 1283 2476 qui
1326 2412 1422 2460 hoc
1465 2412 1762 2472 maluerim,

267 2491 431 2539 fateor
483 2489 745 2547 insanisse,
792 2490 884 2553 qui
929 2506 1044 2538 cum
1096 2491 1204 2539 illis
1256 2491 1512 2550 senserim,
1557 2494 1760 2542 tametsi

265 2568 492 2627 inermis,
516 2568 723 2627 iudiceS,
746 2567 896 2619 sensi.
965 2569 1057 2618 Sin
1081 2574 1253 2618 autem
1274 2569 1491 2618 victoria
1513 2571 1758 2620 nobilium

267 2654 567 2700 ornamento
589 2654 745 2714 atque
768 2649 1109 2698 emolumento
1126 2649 1203 2699 rei
1219 2648 1455 2714 publicae
1477 2651 1760 2716 populoque

267 2730 494 2780 Romano
517 2730 668 2780 debet
697 2745 820 2792 esse,
843 2733 957 2778 tum
988 2745 1110 2779 vero
1141 2728 1334 2794 optimo
1364 2733 1417 2778 et
1447 2729 1759 2780 nobilissime
