1832 2970
207 55 264 101 32
664 67 753 102 pao
786 67 946 102 Roscm
979 67 1214 102 AMERINO.

201 181 599 230 misericordiam
666 199 821 245 quam
887 182 1193 247 implacatus
1251 182 1316 231 ad
1368 182 1691 231 severitatem

201 261 488 310 videbatur.
558 261 683 324 Ego,
731 277 1043 325 quamquam
1088 267 1289 327 praeest
1344 261 1465 310 huic
1519 278 1694 326 quaes-

201 341 334 390 tioni
379 341 462 389 vir
517 346 573 390 et
625 346 801 390 contra
857 341 1124 395 audaciam
1169 341 1480 390 fortissimus
1524 347 1578 391 et
1631 342 1696 389 ab

201 420 495 469 innocentia
521 420 963 480 clementissimus,
993 426 1165 470 tamen
1199 420 1351 469 facile
1384 437 1465 469 me
1496 425 1697 484 paterer

202 500 287 549 vel
331 500 423 548 illo
468 500 580 564 ipso
625 499 869 549 acerrimo
904 500 1073 549 iudice
1117 506 1395 564 quaerente
1430 500 1516 548 vel
1560 499 1697 564 apud

204 580 471 629 Cassianos
509 580 719 639 iudices,
767 596 986 643 quorum
1030 580 1187 629 etiam
1226 597 1364 629 nunc
1408 580 1464 639 ii,
1510 579 1698 643 quibus

203 675 355 708 causa
399 660 612 708 dicenda
657 665 749 718 est,
786 676 973 708 nomen
1008 660 1178 724 ipsum
1217 660 1566 718 reformidant,
1606 675 1698 723 pro

119 737 181 784 86
205 735 318 785 Sex.
365 736 544 784 Roscio
600 737 782 785 dicere.
869 736 1075 785 XXXI.
1111 736 1177 784 In
1221 736 1317 785 hac
1366 736 1504 785 enim
1549 752 1699 783 causa

205 832 320 863 cum
365 816 601 864 viderent
654 816 772 865 illos
817 816 1186 881 amplissimam
1230 816 1496 880 pecuniam
1542 815 1700 880 possi-

205 896 338 955 dere,
364 896 502 944 hunc
524 896 581 943 in
612 913 810 945 summa
836 896 1167 944 mendicitate
1194 912 1314 953 esse,
1337 896 1470 943 illud
1491 895 1700 958 quidem

204 991 308 1023 non
348 981 666 1038 quaererent,
706 976 790 1024 cui
823 976 956 1024 bono
984 975 1183 1032 fuisset,
1219 975 1307 1023 sed
1343 991 1401 1023 eo
1435 974 1700 1038 perspicuo

205 1055 396 1103 crimen
433 1061 486 1104 et
530 1056 871 1119 suspicionem
916 1055 1090 1119 potius
1134 1056 1201 1103 ad
1237 1055 1476 1119 praedam
1520 1053 1702 1102 adiun-

205 1140 387 1196 gerent
410 1152 565 1199 quam
587 1136 653 1183 ad
685 1139 979 1198 egestatem.
1051 1134 1202 1196 Quid,
1225 1134 1270 1183 si
1292 1134 1488 1182 accedit
1510 1134 1699 1190 eodem,

205 1221 267 1264 ut
297 1216 469 1264 tenuis
499 1220 620 1263 ante
653 1215 848 1263 fueris?
882 1214 1023 1277 quid,
1058 1215 1102 1263 si
1136 1219 1198 1263 ut
1227 1216 1452 1262 avarus?
1485 1212 1627 1276 quid,
1657 1213 1700 1260 si

205 1301 267 1344 ut
297 1296 502 1344 audax?
535 1295 677 1358 quid,
710 1294 755 1343 si
788 1299 850 1342 ut
880 1294 1038 1355 illius,
1069 1295 1161 1358 qui
1188 1294 1379 1343 occisus
1406 1298 1498 1351 est,
1529 1293 1701 1340 inimi-

207 1375 466 1424 cissimus:
502 1391 628 1422 num
652 1374 943 1437 quaerenda
966 1390 1132 1431 causa,
1166 1390 1296 1437 quae
1319 1378 1372 1422 te
1403 1373 1469 1421 ad
1495 1377 1701 1420 tantum

121 1451 181 1498 87
207 1455 407 1503 facinus
430 1454 739 1502 adduxerit?
807 1453 944 1511 Quid
961 1470 1082 1517 ergo
1098 1453 1282 1502 horum
1298 1452 1479 1516 negari
1500 1451 1704 1516 potest?

212 1534 458 1583 Tenuitas
489 1533 713 1582 hominis
744 1533 854 1582 eius
887 1533 1025 1582 modi
1047 1538 1138 1592 est,
1163 1539 1225 1582 ut
1258 1532 1571 1581 dissimulari
1600 1547 1703 1579 non

209 1619 379 1678 queat,
404 1619 559 1677 atque
584 1630 640 1662 eo
673 1613 838 1678 magis
872 1613 1053 1671 elucet,
1078 1629 1179 1676 quo
1212 1613 1378 1676 magis
1401 1612 1702 1661 occultatur.

211 1693 502 1742 Avaritiam
534 1694 773 1757 praefers,
798 1692 891 1756 qui
921 1693 1214 1742 societatem
1242 1692 1420 1741 coieris
1447 1693 1510 1741 de
1537 1691 1704 1739 muni-

210 1773 339 1837 cipis
385 1771 694 1835 cognatique
731 1771 952 1819 fortunis
997 1787 1112 1818 cum
1149 1770 1472 1819 alienissimo.
1541 1770 1703 1828 Quam

211 1853 281 1901 sis
305 1852 488 1910 audax,
514 1856 574 1899 ut
609 1851 711 1898 alia
745 1850 1033 1910 obliviscar,
1055 1850 1178 1898 hinc
1210 1866 1383 1898 omnes
1405 1850 1706 1913 intellegere

211 1936 505 1996 potuerunt,
548 1931 685 1993 quod
722 1946 786 1978 ex
825 1934 937 1978 tota
982 1929 1237 1987 societate,
1275 1929 1370 1978 hoc
1405 1934 1484 1978 est
1522 1945 1587 1977 ex
1626 1933 1705 1977 tot

211 2010 423 2069 sicariis,
448 2010 586 2058 solus
610 2014 670 2057 tu
700 2009 946 2058 inventus
976 2025 1043 2068 es,
1069 2009 1161 2073 qui
1189 2026 1304 2057 cum
1327 2008 1705 2057 accusatoribus

212 2090 411 2138 sederes
455 2093 613 2151 atque
649 2104 704 2136 os
740 2093 890 2136 tuum
925 2105 1030 2137 non
1076 2089 1224 2136 modo
1269 2089 1571 2146 ostenderes,
1617 2088 1706 2136 sed

213 2169 369 2218 etiam
408 2168 626 2216 offerres.
695 2166 1004 2215 Inimicitias
1048 2167 1149 2214 tibi
1205 2167 1363 2216 fuisse
1419 2183 1535 2215 cum
1591 2167 1704 2216 Sex.

214 2248 393 2297 Roscio
432 2253 485 2296 et
520 2263 732 2310 magnas
768 2247 844 2294 rei
881 2246 1148 2295 familiaris
1187 2246 1555 2295 controversias
1590 2261 1705 2294 con-

129 2329 190 2377 88
213 2328 359 2377 cedas
397 2343 599 2375 necesse
635 2331 726 2375 est.
796 2327 991 2386 Restat,
1028 2326 1235 2384 iudices,
1272 2332 1335 2375 ut
1371 2327 1466 2374 hoc
1501 2325 1704 2374 dubite-

214 2425 342 2465 mus,
398 2411 514 2456 uter
562 2406 734 2471 potius
776 2406 888 2455 Sex.
936 2406 1174 2454 Roscium
1218 2406 1484 2455 occiderit:
1533 2405 1593 2465 is,
1640 2406 1706 2453 ad

213 2503 367 2551 quem
398 2490 560 2535 morte
593 2485 702 2534 eius
735 2485 948 2533 divitiae
982 2486 1235 2544 venerint,
1258 2502 1325 2534 an
1358 2485 1417 2544 is,
1453 2486 1518 2532 ad
1552 2502 1705 2548 quem

215 2567 545 2624 mendicitas;
581 2566 640 2624 is,
678 2565 770 2629 qui
807 2569 959 2614 antea
998 2565 1170 2614 tenuis
1205 2565 1376 2622 fuerit,
1415 2581 1481 2613 an
1516 2566 1575 2623 is,
1612 2565 1702 2629 qui

217 2651 391 2712 postea
449 2646 616 2696 factus
676 2645 746 2695 sit
804 2645 1191 2709 egentissimum
1252 2645 1311 2704 is,
1371 2645 1463 2708 qui
1521 2645 1703 2694 ardens
