<?xml version="1.0" encoding="UTF-8"?>
<!DOCTYPE html PUBLIC "-//W3C//DTD XHTML 1.0 Transitional//EN"
    "http://www.w3.org/TR/xhtml1/DTD/xhtml1-transitional.dtd">
<html xmlns="http://www.w3.org/1999/xhtml" xml:lang="en" lang="en">
 <head>
  <title>
</title>
<meta http-equiv="Content-Type" content="text/html;charset=utf-8" />
  <meta name='ocr-system' content='tesseract 3.04.00' />
  <meta name='ocr-capabilities' content='ocr_page ocr_carea ocr_par ocr_line ocrx_word'/>
</head>
<body>
  <div class='ocr_page' id='page_1' title='image "./prosextoroscioam00ciceuoft/prosextoroscioam00ciceuoft_0089.png"; bbox 0 0 1832 2970; ppageno 0'>
   <div class='ocr_carea' id='block_1_1' title="bbox 620 106 1646 154">
    <p class='ocr_par' dir='ltr' id='par_1_1' title="bbox 620 106 1646 154">
     <span class='ocr_line' id='line_1_1' title="bbox 620 106 1646 154; baseline -0.001 -2"><span class='ocrx_word' id='word_1_1' title='bbox 620 117 709 153; x_wconf 79' lang='lat' dir='ltr'>PRO</span> <span class='ocrx_word' id='word_1_2' title='bbox 742 117 903 153; x_wconf 80' lang='lat' dir='ltr'>Roscm</span> <span class='ocrx_word' id='word_1_3' title='bbox 934 117 1172 154; x_wconf 66' lang='lat' dir='ltr'>nummo,</span> <span class='ocrx_word' id='word_1_4' title='bbox 1584 106 1646 151; x_wconf 84' lang='lat'>57</span> 
     </span>
    </p>
   </div>
   <div class='ocr_carea' id='block_1_2' title="bbox 92 232 1761 2759">
    <p class='ocr_par' dir='ltr' id='par_1_2' title="bbox 92 232 1759 1576">
     <span class='ocr_line' id='line_1_2' title="bbox 146 232 1644 298; baseline -0.003 -15"><span class='ocrx_word' id='word_1_5' title='bbox 146 238 396 297; x_wconf 78' lang='lat' dir='ltr'>egentem,</span> <span class='ocrx_word' id='word_1_6' title='bbox 434 233 703 298; x_wconf 91' lang='lat' dir='ltr'>probatum</span> <span class='ocrx_word' id='word_1_7' title='bbox 745 233 853 281; x_wconf 87' lang='lat' dir='ltr'>suis</span> <span class='ocrx_word' id='word_1_8' title='bbox 893 233 1074 291; x_wconf 89' lang='lat' dir='ltr'>filium,</span> <span class='ocrx_word' id='word_1_9' title='bbox 1114 233 1170 280; x_wconf 91' lang='lat' dir='ltr'>in</span> <span class='ocrx_word' id='word_1_10' title='bbox 1211 248 1312 297; x_wconf 90' lang='lat' dir='ltr'>quo</span> <span class='ocrx_word' id='word_1_11' title='bbox 1351 248 1455 280; x_wconf 92' lang='lat' dir='ltr'>non</span> <span class='ocrx_word' id='word_1_12' title='bbox 1495 232 1644 279; x_wconf 89' lang='lat' dir='ltr'>modo</span> 
     </span>
     <span class='ocr_line' id='line_1_3' title="bbox 145 310 1646 378; baseline -0.003 -16"><span class='ocrx_word' id='word_1_13' title='bbox 145 314 297 378; x_wconf 91' lang='lat' dir='ltr'>culpa</span> <span class='ocrx_word' id='word_1_14' title='bbox 314 314 473 372; x_wconf 88' lang='lat' dir='ltr'>nulla,</span> <span class='ocrx_word' id='word_1_15' title='bbox 492 314 581 363; x_wconf 92' lang='lat' dir='ltr'>sed</span> <span class='ocrx_word' id='word_1_16' title='bbox 597 329 662 362; x_wconf 91' lang='lat' dir='ltr'>ne</span> <span class='ocrx_word' id='word_1_17' title='bbox 679 313 903 378; x_wconf 90' lang='lat' dir='ltr'>suspicio</span> <span class='ocrx_word' id='word_1_18' title='bbox 920 314 1128 378; x_wconf 89' lang='lat' dir='ltr'>quidem</span> <span class='ocrx_word' id='word_1_19' title='bbox 1147 313 1320 378; x_wconf 86' lang='lat' dir='ltr'>potuit</span> <span class='ocrx_word' id='word_1_20' title='bbox 1337 310 1646 361; x_wconf 77' lang='lat' dir='ltr'>consistere?</span> 
     </span>
     <span class='ocr_line' id='line_1_4' title="bbox 147 390 1645 457; baseline -0.003 -15"><span class='ocrx_word' id='word_1_21' title='bbox 147 393 285 442; x_wconf 90' lang='lat' dir='ltr'>Num</span> <span class='ocrx_word' id='word_1_22' title='bbox 311 393 438 457; x_wconf 90' lang='lat' dir='ltr'>quid</span> <span class='ocrx_word' id='word_1_23' title='bbox 465 392 550 441; x_wconf 91' lang='lat' dir='ltr'>hic</span> <span class='ocrx_word' id='word_1_24' title='bbox 580 392 723 441; x_wconf 89' lang='lat' dir='ltr'>aliud</span> <span class='ocrx_word' id='word_1_25' title='bbox 745 393 936 441; x_wconf 87' lang='lat' dir='ltr'>videtis</span> <span class='ocrx_word' id='word_1_26' title='bbox 959 393 1159 442; x_wconf 89' lang='lat' dir='ltr'>obstare</span> <span class='ocrx_word' id='word_1_27' title='bbox 1184 392 1297 442; x_wconf 86' lang='lat' dir='ltr'>Sex.</span> <span class='ocrx_word' id='word_1_28' title='bbox 1322 392 1518 450; x_wconf 87' lang='lat' dir='ltr'>Roscio,</span> <span class='ocrx_word' id='word_1_29' title='bbox 1541 390 1645 439; x_wconf 91' lang='lat' dir='ltr'>nisi</span> 
     </span>
     <span class='ocr_line' id='line_1_5' title="bbox 146 469 1759 538; baseline -0.002 -17"><span class='ocrx_word' id='word_1_30' title='bbox 146 474 282 537; x_wconf 91' lang='lat' dir='ltr'>quod</span> <span class='ocrx_word' id='word_1_31' title='bbox 304 473 466 538; x_wconf 89' lang='lat' dir='ltr'>patris</span> <span class='ocrx_word' id='word_1_32' title='bbox 502 473 635 522; x_wconf 90' lang='lat' dir='ltr'>bona</span> <span class='ocrx_word' id='word_1_33' title='bbox 673 473 983 522; x_wconf 88' lang='lat' dir='ltr'>venierunt?</span> <span class='ocrx_word' id='word_1_34' title='bbox 1048 473 1197 522; x_wconf 87' lang='lat' dir='ltr'><strong>LIII.</strong></span> <span class='ocrx_word' id='word_1_35' title='bbox 1234 471 1426 531; x_wconf 79' lang='lat' dir='ltr'><strong>Quodsi</strong></span> <span class='ocrx_word' id='word_1_36' title='bbox 1461 471 1517 520; x_wconf 92' lang='lat' dir='ltr'>id</span> <span class='ocrx_word' id='word_1_37' title='bbox 1552 487 1644 520; x_wconf 84' lang='lat' dir='ltr'>vos</span> <span class='ocrx_word' id='word_1_38' title='bbox 1668 469 1759 517; x_wconf 84' lang='lat'>153</span> 
     </span>
     <span class='ocr_line' id='line_1_6' title="bbox 145 550 1645 617; baseline 0 -17"><span class='ocrx_word' id='word_1_39' title='bbox 145 552 406 616; x_wconf 80' lang='lat' dir='ltr'><strong>suscipitis</strong></span> <span class='ocrx_word' id='word_1_40' title='bbox 429 557 483 602; x_wconf 91' lang='lat' dir='ltr'>et</span> <span class='ocrx_word' id='word_1_41' title='bbox 504 553 569 601; x_wconf 90' lang='lat' dir='ltr'>ad</span> <span class='ocrx_word' id='word_1_42' title='bbox 591 569 703 601; x_wconf 90' lang='lat' dir='ltr'>eam</span> <span class='ocrx_word' id='word_1_43' title='bbox 726 569 834 602; x_wconf 91' lang='lat' dir='ltr'>rem</span> <span class='ocrx_word' id='word_1_44' title='bbox 852 569 1056 617; x_wconf 83' lang='lat' dir='ltr'>operam</span> <span class='ocrx_word' id='word_1_45' title='bbox 1073 557 1300 602; x_wconf 86' lang='lat' dir='ltr'>vestram</span> <span class='ocrx_word' id='word_1_46' title='bbox 1318 550 1645 617; x_wconf 86' lang='lat' dir='ltr'>profitemini,</span> 
     </span>
     <span class='ocr_line' id='line_1_7' title="bbox 146 631 1645 692; baseline 0 -13"><span class='ocrx_word' id='word_1_47' title='bbox 146 631 191 680; x_wconf 92' lang='lat' dir='ltr'>si</span> <span class='ocrx_word' id='word_1_48' title='bbox 214 631 401 681; x_wconf 88' lang='lat' dir='ltr'>idcirco</span> <span class='ocrx_word' id='word_1_49' title='bbox 424 631 625 692; x_wconf 87' lang='lat' dir='ltr'>sedetis,</span> <span class='ocrx_word' id='word_1_50' title='bbox 649 636 711 680; x_wconf 91' lang='lat' dir='ltr'>ut</span> <span class='ocrx_word' id='word_1_51' title='bbox 733 633 799 681; x_wconf 89' lang='lat' dir='ltr'>ad</span> <span class='ocrx_word' id='word_1_52' title='bbox 822 648 913 681; x_wconf 88' lang='lat' dir='ltr'>vos</span> <span class='ocrx_word' id='word_1_53' title='bbox 936 631 1260 680; x_wconf 78' lang='lat' dir='ltr'>adducantur</span> <span class='ocrx_word' id='word_1_54' title='bbox 1282 647 1454 680; x_wconf 89' lang='lat' dir='ltr'>eorum</span> <span class='ocrx_word' id='word_1_55' title='bbox 1477 631 1645 689; x_wconf 89' lang='lat' dir='ltr'>liberi,</span> 
     </span>
     <span class='ocr_line' id='line_1_8' title="bbox 146 710 1646 776; baseline 0 -17"><span class='ocrx_word' id='word_1_56' title='bbox 146 727 362 774; x_wconf 91' lang='lat' dir='ltr'>quorum</span> <span class='ocrx_word' id='word_1_57' title='bbox 383 711 517 760; x_wconf 90' lang='lat' dir='ltr'>bona</span> <span class='ocrx_word' id='word_1_58' title='bbox 539 711 828 772; x_wconf 88' lang='lat' dir='ltr'>venierunt,</span> <span class='ocrx_word' id='word_1_59' title='bbox 848 717 1037 770; x_wconf 89' lang='lat' dir='ltr'>cavete,</span> <span class='ocrx_word' id='word_1_60' title='bbox 1062 729 1154 776; x_wconf 90' lang='lat' dir='ltr'>per</span> <span class='ocrx_word' id='word_1_61' title='bbox 1176 711 1294 760; x_wconf 92' lang='lat' dir='ltr'>deos</span> <span class='ocrx_word' id='word_1_62' title='bbox 1317 710 1646 768; x_wconf 88' lang='lat' dir='ltr'>immortales,</span> 
     </span>
     <span class='ocr_line' id='line_1_9' title="bbox 146 791 1647 855; baseline -0.001 -15"><span class='ocrx_word' id='word_1_63' title='bbox 146 792 355 850; x_wconf 90' lang='lat' dir='ltr'>iudices,</span> <span class='ocrx_word' id='word_1_64' title='bbox 396 808 461 841; x_wconf 93' lang='lat' dir='ltr'>ne</span> <span class='ocrx_word' id='word_1_65' title='bbox 498 808 634 841; x_wconf 90' lang='lat' dir='ltr'>nova</span> <span class='ocrx_word' id='word_1_66' title='bbox 671 796 724 840; x_wconf 92' lang='lat' dir='ltr'>et</span> <span class='ocrx_word' id='word_1_67' title='bbox 763 791 930 840; x_wconf 90' lang='lat' dir='ltr'>multo</span> <span class='ocrx_word' id='word_1_68' title='bbox 968 791 1223 840; x_wconf 83' lang='lat' dir='ltr'>crudelior</span> <span class='ocrx_word' id='word_1_69' title='bbox 1262 806 1354 855; x_wconf 90' lang='lat' dir='ltr'>per</span> <span class='ocrx_word' id='word_1_70' title='bbox 1397 806 1488 839; x_wconf 85' lang='lat' dir='ltr'>vos</span> <span class='ocrx_word' id='word_1_71' title='bbox 1533 806 1647 854; x_wconf 92' lang='lat' dir='ltr'>pro-</span> 
     </span>
     <span class='ocr_line' id='line_1_10' title="bbox 92 869 1647 936; baseline -0.001 -16"><span class='ocrx_word' id='word_1_72' title='bbox 92 878 93 881; x_wconf 78' lang='grc'>’</span> <span class='ocrx_word' id='word_1_73' title='bbox 145 871 357 936; x_wconf 83' lang='lat' dir='ltr'>scriptio</span> <span class='ocrx_word' id='word_1_74' title='bbox 395 871 686 922; x_wconf 88' lang='lat' dir='ltr'>instaurata</span> <span class='ocrx_word' id='word_1_75' title='bbox 724 888 832 921; x_wconf 90' lang='lat' dir='ltr'>esse</span> <span class='ocrx_word' id='word_1_76' title='bbox 871 871 1124 920; x_wconf 84' lang='lat' dir='ltr'>videatur.</span> <span class='ocrx_word' id='word_1_77' title='bbox 1206 870 1362 919; x_wconf 92' lang='lat' dir='ltr'>Illam</span> <span class='ocrx_word' id='word_1_78' title='bbox 1408 869 1647 935; x_wconf 87' lang='lat' dir='ltr'>priorem,</span> 
     </span>
     <span class='ocr_line' id='line_1_11' title="bbox 147 951 1648 1016; baseline -0.002 -15"><span class='ocrx_word' id='word_1_79' title='bbox 147 968 279 1015; x_wconf 90' lang='lat' dir='ltr'>quae</span> <span class='ocrx_word' id='word_1_80' title='bbox 313 951 451 1001; x_wconf 87' lang='lat' dir='ltr'>facta</span> <span class='ocrx_word' id='word_1_81' title='bbox 483 955 564 1001; x_wconf 89' lang='lat' dir='ltr'>est</span> <span class='ocrx_word' id='word_1_82' title='bbox 595 951 653 1000; x_wconf 91' lang='lat' dir='ltr'>in</span> <span class='ocrx_word' id='word_1_83' title='bbox 686 967 786 1011; x_wconf 91' lang='lat' dir='ltr'>eos,</span> <span class='ocrx_word' id='word_1_84' title='bbox 822 951 914 1015; x_wconf 92' lang='lat' dir='ltr'>qui</span> <span class='ocrx_word' id='word_1_85' title='bbox 953 968 1094 1000; x_wconf 87' lang='lat' dir='ltr'>arma</span> <span class='ocrx_word' id='word_1_86' title='bbox 1134 967 1312 1016; x_wconf 89' lang='lat' dir='ltr'>capere</span> <span class='ocrx_word' id='word_1_87' title='bbox 1352 955 1648 1015; x_wconf 86' lang='lat' dir='ltr'>potuerunt,</span> 
     </span>
     <span class='ocr_line' id='line_1_12' title="bbox 146 1031 1646 1097; baseline -0.003 -15"><span class='ocrx_word' id='word_1_88' title='bbox 146 1038 321 1082; x_wconf 91' lang='lat' dir='ltr'>tamen</span> <span class='ocrx_word' id='word_1_89' title='bbox 345 1037 552 1083; x_wconf 88' lang='lat' dir='ltr'>senatus</span> <span class='ocrx_word' id='word_1_90' title='bbox 575 1033 830 1097; x_wconf 89' lang='lat' dir='ltr'>suscipere</span> <span class='ocrx_word' id='word_1_91' title='bbox 852 1032 1037 1091; x_wconf 90' lang='lat' dir='ltr'>noluit,</span> <span class='ocrx_word' id='word_1_92' title='bbox 1056 1049 1123 1080; x_wconf 91' lang='lat' dir='ltr'>ne</span> <span class='ocrx_word' id='word_1_93' title='bbox 1145 1031 1272 1096; x_wconf 89' lang='lat' dir='ltr'>quid</span> <span class='ocrx_word' id='word_1_94' title='bbox 1288 1031 1472 1090; x_wconf 92' lang='lat' dir='ltr'>acrius,</span> <span class='ocrx_word' id='word_1_95' title='bbox 1491 1047 1646 1094; x_wconf 87' lang='lat' dir='ltr'>quam</span> 
     </span>
     <span class='ocr_line' id='line_1_13' title="bbox 146 1110 1648 1177; baseline -0.003 -16"><span class='ocrx_word' id='word_1_96' title='bbox 146 1128 286 1162; x_wconf 90' lang='lat' dir='ltr'>more</span> <span class='ocrx_word' id='word_1_97' title='bbox 330 1112 581 1162; x_wconf 86' lang='lat' dir='ltr'>maiorum</span> <span class='ocrx_word' id='word_1_98' title='bbox 625 1116 975 1177; x_wconf 86' lang='lat' dir='ltr'>comparatum</span> <span class='ocrx_word' id='word_1_99' title='bbox 1033 1116 1126 1172; x_wconf 88' lang='lat' dir='ltr'>est,</span> <span class='ocrx_word' id='word_1_100' title='bbox 1173 1110 1379 1176; x_wconf 90' lang='lat' dir='ltr'>publico</span> <span class='ocrx_word' id='word_1_101' title='bbox 1435 1110 1648 1160; x_wconf 87' lang='lat' dir='ltr'>consilio</span> 
     </span>
     <span class='ocr_line' id='line_1_14' title="bbox 147 1189 1649 1255; baseline -0.001 -15"><span class='ocrx_word' id='word_1_102' title='bbox 147 1195 343 1242; x_wconf 89' lang='lat' dir='ltr'>factum</span> <span class='ocrx_word' id='word_1_103' title='bbox 367 1192 655 1252; x_wconf 83' lang='lat' dir='ltr'>videretur:</span> <span class='ocrx_word' id='word_1_104' title='bbox 691 1191 825 1240; x_wconf 90' lang='lat' dir='ltr'>hanc</span> <span class='ocrx_word' id='word_1_105' title='bbox 846 1208 983 1251; x_wconf 86' lang='lat' dir='ltr'>vero,</span> <span class='ocrx_word' id='word_1_106' title='bbox 1007 1208 1139 1255; x_wconf 88' lang='lat' dir='ltr'>quae</span> <span class='ocrx_word' id='word_1_107' title='bbox 1162 1191 1228 1240; x_wconf 89' lang='lat' dir='ltr'>ad</span> <span class='ocrx_word' id='word_1_108' title='bbox 1250 1207 1425 1240; x_wconf 90' lang='lat' dir='ltr'>eorum</span> <span class='ocrx_word' id='word_1_109' title='bbox 1459 1189 1649 1239; x_wconf 89' lang='lat' dir='ltr'>liberos</span> 
     </span>
     <span class='ocr_line' id='line_1_15' title="bbox 146 1269 1646 1336; baseline -0.001 -16"><span class='ocrx_word' id='word_1_110' title='bbox 146 1276 304 1336; x_wconf 90' lang='lat' dir='ltr'>atque</span> <span class='ocrx_word' id='word_1_111' title='bbox 338 1271 404 1320; x_wconf 88' lang='lat' dir='ltr'>ad</span> <span class='ocrx_word' id='word_1_112' title='bbox 440 1270 722 1319; x_wconf 89' lang='lat' dir='ltr'>infantium</span> <span class='ocrx_word' id='word_1_113' title='bbox 759 1287 1032 1335; x_wconf 87' lang='lat' dir='ltr'>puerorum</span> <span class='ocrx_word' id='word_1_114' title='bbox 1068 1270 1382 1319; x_wconf 90' lang='lat' dir='ltr'>incunabula</span> <span class='ocrx_word' id='word_1_115' title='bbox 1403 1269 1646 1334; x_wconf 88' lang='lat' dir='ltr'>pertinet,</span> 
     </span>
     <span class='ocr_line' id='line_1_16' title="bbox 146 1350 1645 1415; baseline -0.001 -16"><span class='ocrx_word' id='word_1_116' title='bbox 146 1351 250 1400; x_wconf 84' lang='lat' dir='ltr'>nisi</span> <span class='ocrx_word' id='word_1_117' title='bbox 266 1351 362 1400; x_wconf 90' lang='lat' dir='ltr'>hoc</span> <span class='ocrx_word' id='word_1_118' title='bbox 378 1351 568 1400; x_wconf 88' lang='lat' dir='ltr'>iudicio</span> <span class='ocrx_word' id='word_1_119' title='bbox 586 1367 618 1400; x_wconf 92' lang='lat' dir='ltr'>a</span> <span class='ocrx_word' id='word_1_120' title='bbox 634 1351 781 1399; x_wconf 86' lang='lat' dir='ltr'>vobis</span> <span class='ocrx_word' id='word_1_121' title='bbox 798 1350 992 1400; x_wconf 88' lang='lat' dir='ltr'>reicitis</span> <span class='ocrx_word' id='word_1_122' title='bbox 1009 1355 1062 1399; x_wconf 92' lang='lat' dir='ltr'>et</span> <span class='ocrx_word' id='word_1_123' title='bbox 1079 1350 1440 1415; x_wconf 88' lang='lat' dir='ltr'>aspernamini,</span> <span class='ocrx_word' id='word_1_124' title='bbox 1458 1350 1645 1408; x_wconf 85' lang='lat' dir='ltr'>videte,</span> 
     </span>
     <span class='ocr_line' id='line_1_17' title="bbox 146 1430 1647 1496; baseline -0.002 -15"><span class='ocrx_word' id='word_1_125' title='bbox 146 1448 239 1496; x_wconf 90' lang='lat' dir='ltr'>per</span> <span class='ocrx_word' id='word_1_126' title='bbox 273 1432 391 1480; x_wconf 91' lang='lat' dir='ltr'>deos</span> <span class='ocrx_word' id='word_1_127' title='bbox 425 1431 754 1491; x_wconf 88' lang='lat' dir='ltr'>immortales,</span> <span class='ocrx_word' id='word_1_128' title='bbox 778 1447 931 1495; x_wconf 89' lang='lat' dir='ltr'>quem</span> <span class='ocrx_word' id='word_1_129' title='bbox 966 1431 1024 1479; x_wconf 92' lang='lat' dir='ltr'>in</span> <span class='ocrx_word' id='word_1_130' title='bbox 1059 1431 1227 1480; x_wconf 92' lang='lat' dir='ltr'>locum</span> <span class='ocrx_word' id='word_1_131' title='bbox 1257 1447 1364 1479; x_wconf 90' lang='lat' dir='ltr'>rem</span> <span class='ocrx_word' id='word_1_132' title='bbox 1387 1430 1647 1495; x_wconf 88' lang='lat' dir='ltr'>publicam</span> 
     </span>
     <span class='ocr_line' id='line_1_18' title="bbox 147 1510 654 1576; baseline 0.002 -17"><span class='ocrx_word' id='word_1_133' title='bbox 147 1515 420 1560; x_wconf 82' lang='lat' dir='ltr'>venturam</span> <span class='ocrx_word' id='word_1_134' title='bbox 443 1510 654 1576; x_wconf 92' lang='lat' dir='ltr'>putetis.</span> 
     </span>
    </p>

    <p class='ocr_par' dir='ltr' id='par_1_3' title="bbox 144 1590 1761 2759">
     <span class='ocr_line' id='line_1_19' title="bbox 212 1590 1761 1656; baseline 0.003 -17"><span class='ocrx_word' id='word_1_135' title='bbox 212 1591 462 1640; x_wconf 88' lang='lat' dir='ltr'>Homines</span> <span class='ocrx_word' id='word_1_136' title='bbox 484 1590 739 1655; x_wconf 91' lang='lat' dir='ltr'>sapientes</span> <span class='ocrx_word' id='word_1_137' title='bbox 763 1594 816 1640; x_wconf 91' lang='lat' dir='ltr'>et</span> <span class='ocrx_word' id='word_1_138' title='bbox 838 1590 941 1639; x_wconf 87' lang='lat' dir='ltr'>ista</span> <span class='ocrx_word' id='word_1_139' title='bbox 963 1591 1271 1640; x_wconf 88' lang='lat' dir='ltr'>auctoritate</span> <span class='ocrx_word' id='word_1_140' title='bbox 1301 1595 1355 1639; x_wconf 93' lang='lat' dir='ltr'>et</span> <span class='ocrx_word' id='word_1_141' title='bbox 1391 1594 1645 1656; x_wconf 87' lang='lat' dir='ltr'>potestate</span> <span class='ocrx_word' id='word_1_142' title='bbox 1670 1594 1761 1643; x_wconf 85' lang='lat'>154</span> 
     </span>
     <span class='ocr_line' id='line_1_20' title="bbox 146 1670 1644 1735; baseline 0 -16"><span class='ocrx_word' id='word_1_143' title='bbox 146 1670 418 1735; x_wconf 87' lang='lat' dir='ltr'>praeditos,</span> <span class='ocrx_word' id='word_1_144' title='bbox 442 1687 545 1734; x_wconf 91' lang='lat' dir='ltr'>qua</span> <span class='ocrx_word' id='word_1_145' title='bbox 567 1686 657 1719; x_wconf 88' lang='lat' dir='ltr'>vos</span> <span class='ocrx_word' id='word_1_146' title='bbox 680 1670 818 1729; x_wconf 91' lang='lat' dir='ltr'>estis,</span> <span class='ocrx_word' id='word_1_147' title='bbox 842 1686 907 1719; x_wconf 82' lang='lat' dir='ltr'>ex</span> <span class='ocrx_word' id='word_1_148' title='bbox 929 1670 1118 1734; x_wconf 87' lang='lat' dir='ltr'>quibus</span> <span class='ocrx_word' id='word_1_149' title='bbox 1140 1671 1293 1719; x_wconf 90' lang='lat' dir='ltr'>rebus</span> <span class='ocrx_word' id='word_1_150' title='bbox 1315 1670 1536 1719; x_wconf 84' lang='lat' dir='ltr'>maxime</span> <span class='ocrx_word' id='word_1_151' title='bbox 1565 1686 1644 1719; x_wconf 88' lang='lat' dir='ltr'>res</span> 
     </span>
     <span class='ocr_line' id='line_1_21' title="bbox 145 1749 1646 1815; baseline 0.001 -17"><span class='ocrx_word' id='word_1_152' title='bbox 145 1750 354 1815; x_wconf 89' lang='lat' dir='ltr'>publica</span> <span class='ocrx_word' id='word_1_153' title='bbox 387 1749 602 1808; x_wconf 89' lang='lat' dir='ltr'>laborat,</span> <span class='ocrx_word' id='word_1_154' title='bbox 626 1749 691 1798; x_wconf 90' lang='lat' dir='ltr'>iis</span> <span class='ocrx_word' id='word_1_155' title='bbox 727 1750 948 1799; x_wconf 82' lang='lat' dir='ltr'>maxime</span> <span class='ocrx_word' id='word_1_156' title='bbox 982 1749 1175 1799; x_wconf 90' lang='lat' dir='ltr'>mederi</span> <span class='ocrx_word' id='word_1_157' title='bbox 1198 1750 1452 1800; x_wconf 87' lang='lat' dir='ltr'>convenit.</span> <span class='ocrx_word' id='word_1_158' title='bbox 1522 1750 1646 1801; x_wconf 89' lang='lat' dir='ltr'>Ves-</span> 
     </span>
     <span class='ocr_line' id='line_1_22' title="bbox 145 1828 1645 1894; baseline 0 -17"><span class='ocrx_word' id='word_1_159' title='bbox 145 1834 287 1878; x_wconf 90' lang='lat' dir='ltr'>trum</span> <span class='ocrx_word' id='word_1_160' title='bbox 322 1845 470 1878; x_wconf 90' lang='lat' dir='ltr'>nemo</span> <span class='ocrx_word' id='word_1_161' title='bbox 505 1834 585 1878; x_wconf 92' lang='lat' dir='ltr'>est</span> <span class='ocrx_word' id='word_1_162' title='bbox 620 1829 750 1892; x_wconf 89' lang='lat' dir='ltr'>quin</span> <span class='ocrx_word' id='word_1_163' title='bbox 779 1829 1052 1893; x_wconf 84' lang='lat' dir='ltr'>intellegat</span> <span class='ocrx_word' id='word_1_164' title='bbox 1074 1829 1320 1894; x_wconf 91' lang='lat' dir='ltr'>populum</span> <span class='ocrx_word' id='word_1_165' title='bbox 1343 1828 1645 1888; x_wconf 87' lang='lat' dir='ltr'>Romanum,</span> 
     </span>
     <span class='ocr_line' id='line_1_23' title="bbox 147 1908 1644 1974; baseline 0 -16"><span class='ocrx_word' id='word_1_166' title='bbox 147 1910 240 1973; x_wconf 88' lang='lat' dir='ltr'>qui</span> <span class='ocrx_word' id='word_1_167' title='bbox 278 1910 537 1974; x_wconf 88' lang='lat' dir='ltr'>quondam</span> <span class='ocrx_word' id='word_1_168' title='bbox 576 1909 635 1957; x_wconf 92' lang='lat' dir='ltr'>in</span> <span class='ocrx_word' id='word_1_169' title='bbox 678 1908 850 1957; x_wconf 90' lang='lat' dir='ltr'>hostes</span> <span class='ocrx_word' id='word_1_170' title='bbox 895 1908 1190 1957; x_wconf 90' lang='lat' dir='ltr'>lenissimus</span> <span class='ocrx_word' id='word_1_171' title='bbox 1235 1908 1644 1968; x_wconf 86' lang='lat' dir='ltr'>existimabatur,</span> 
     </span>
     <span class='ocr_line' id='line_1_24' title="bbox 147 1988 1646 2054; baseline -0.001 -15"><span class='ocrx_word' id='word_1_172' title='bbox 147 1990 245 2039; x_wconf 86' lang='lat' dir='ltr'>hoc</span> <span class='ocrx_word' id='word_1_173' title='bbox 278 1994 507 2054; x_wconf 90' lang='lat' dir='ltr'>tempore</span> <span class='ocrx_word' id='word_1_174' title='bbox 543 1989 820 2038; x_wconf 90' lang='lat' dir='ltr'>domestica</span> <span class='ocrx_word' id='word_1_175' title='bbox 855 1988 1159 2039; x_wconf 84' lang='lat' dir='ltr'>crudelitate</span> <span class='ocrx_word' id='word_1_176' title='bbox 1181 1989 1426 2039; x_wconf 90' lang='lat' dir='ltr'>laborare.</span> <span class='ocrx_word' id='word_1_177' title='bbox 1495 1990 1646 2038; x_wconf 91' lang='lat' dir='ltr'>Hanc</span> 
     </span>
     <span class='ocr_line' id='line_1_25' title="bbox 147 2068 1644 2134; baseline 0 -16"><span class='ocrx_word' id='word_1_178' title='bbox 147 2069 318 2119; x_wconf 90' lang='lat' dir='ltr'>tollite</span> <span class='ocrx_word' id='word_1_179' title='bbox 353 2085 417 2118; x_wconf 82' lang='lat' dir='ltr'>ex</span> <span class='ocrx_word' id='word_1_180' title='bbox 453 2069 682 2128; x_wconf 86' lang='lat' dir='ltr'>civitate,</span> <span class='ocrx_word' id='word_1_181' title='bbox 707 2069 916 2127; x_wconf 74' lang='lat' dir='ltr'>iudiceS,</span> <span class='ocrx_word' id='word_1_182' title='bbox 940 2068 1075 2119; x_wconf 90' lang='lat' dir='ltr'>hanc</span> <span class='ocrx_word' id='word_1_183' title='bbox 1109 2069 1221 2134; x_wconf 92' lang='lat' dir='ltr'>pati</span> <span class='ocrx_word' id='word_1_184' title='bbox 1256 2069 1417 2119; x_wconf 90' lang='lat' dir='ltr'>nolite</span> <span class='ocrx_word' id='word_1_185' title='bbox 1446 2069 1644 2119; x_wconf 87' lang='lat' dir='ltr'>diutius</span> 
     </span>
     <span class='ocr_line' id='line_1_26' title="bbox 146 2149 1645 2214; baseline 0.001 -16"><span class='ocrx_word' id='word_1_186' title='bbox 146 2150 204 2198; x_wconf 93' lang='lat' dir='ltr'>in</span> <span class='ocrx_word' id='word_1_187' title='bbox 239 2150 335 2198; x_wconf 89' lang='lat' dir='ltr'>hac</span> <span class='ocrx_word' id='word_1_188' title='bbox 368 2166 424 2198; x_wconf 87' lang='lat' dir='ltr'>re</span> <span class='ocrx_word' id='word_1_189' title='bbox 460 2149 667 2214; x_wconf 89' lang='lat' dir='ltr'>publica</span> <span class='ocrx_word' id='word_1_190' title='bbox 702 2150 926 2198; x_wconf 81' lang='lat' dir='ltr'>versari:</span> <span class='ocrx_word' id='word_1_191' title='bbox 962 2166 1093 2214; x_wconf 89' lang='lat' dir='ltr'>quae</span> <span class='ocrx_word' id='word_1_192' title='bbox 1115 2167 1219 2198; x_wconf 92' lang='lat' dir='ltr'>non</span> <span class='ocrx_word' id='word_1_193' title='bbox 1242 2150 1390 2199; x_wconf 90' lang='lat' dir='ltr'>modo</span> <span class='ocrx_word' id='word_1_194' title='bbox 1411 2149 1466 2198; x_wconf 90' lang='lat' dir='ltr'>id</span> <span class='ocrx_word' id='word_1_195' title='bbox 1488 2150 1645 2200; x_wconf 87' lang='lat' dir='ltr'>habet</span> 
     </span>
     <span class='ocr_line' id='line_1_27' title="bbox 145 2229 1643 2294; baseline 0 -15"><span class='ocrx_word' id='word_1_196' title='bbox 145 2231 203 2279; x_wconf 92' lang='lat' dir='ltr'>in</span> <span class='ocrx_word' id='word_1_197' title='bbox 226 2246 279 2279; x_wconf 93' lang='lat' dir='ltr'>se</span> <span class='ocrx_word' id='word_1_198' title='bbox 302 2229 442 2289; x_wconf 90' lang='lat' dir='ltr'>mali,</span> <span class='ocrx_word' id='word_1_199' title='bbox 465 2231 602 2294; x_wconf 84' lang='lat' dir='ltr'>quod</span> <span class='ocrx_word' id='word_1_200' title='bbox 624 2235 704 2279; x_wconf 92' lang='lat' dir='ltr'>tot</span> <span class='ocrx_word' id='word_1_201' title='bbox 727 2230 863 2280; x_wconf 83' lang='lat' dir='ltr'>cives</span> <span class='ocrx_word' id='word_1_202' title='bbox 881 2230 1194 2280; x_wconf 86' lang='lat' dir='ltr'>atrocissime</span> <span class='ocrx_word' id='word_1_203' title='bbox 1212 2230 1439 2289; x_wconf 90' lang='lat' dir='ltr'>sustulit,</span> <span class='ocrx_word' id='word_1_204' title='bbox 1463 2246 1643 2279; x_wconf 86' lang='lat' dir='ltr'>verum</span> 
     </span>
     <span class='ocr_line' id='line_1_28' title="bbox 146 2309 1642 2360; baseline -0.001 -1"><span class='ocrx_word' id='word_1_205' title='bbox 146 2311 304 2360; x_wconf 90' lang='lat' dir='ltr'>etiam</span> <span class='ocrx_word' id='word_1_206' title='bbox 348 2309 641 2358; x_wconf 80' lang='lat' dir='ltr'>hominibus</span> <span class='ocrx_word' id='word_1_207' title='bbox 685 2310 961 2359; x_wconf 88' lang='lat' dir='ltr'>lenissimis</span> <span class='ocrx_word' id='word_1_208' title='bbox 1005 2310 1198 2359; x_wconf 86' lang='lat' dir='ltr'>ademit</span> <span class='ocrx_word' id='word_1_209' title='bbox 1243 2310 1642 2359; x_wconf 90' lang='lat' dir='ltr'>misericordiam</span> 
     </span>
     <span class='ocr_line' id='line_1_29' title="bbox 146 2389 1643 2440; baseline -0.001 0"><span class='ocrx_word' id='word_1_210' title='bbox 146 2389 514 2440; x_wconf 89' lang='lat' dir='ltr'>consuetudine</span> <span class='ocrx_word' id='word_1_211' title='bbox 552 2389 994 2439; x_wconf 89' lang='lat' dir='ltr'>incommodorum.</span> <span class='ocrx_word' id='word_1_212' title='bbox 1077 2391 1210 2439; x_wconf 86' lang='lat' dir='ltr'>Nam</span> <span class='ocrx_word' id='word_1_213' title='bbox 1250 2407 1366 2439; x_wconf 92' lang='lat' dir='ltr'>cum</span> <span class='ocrx_word' id='word_1_214' title='bbox 1405 2389 1643 2439; x_wconf 86' lang='lat' dir='ltr'>omnibus</span> 
     </span>
     <span class='ocr_line' id='line_1_30' title="bbox 146 2469 1642 2533; baseline -0.001 -15"><span class='ocrx_word' id='word_1_215' title='bbox 146 2470 286 2519; x_wconf 86' lang='lat' dir='ltr'>horis</span> <span class='ocrx_word' id='word_1_216' title='bbox 324 2469 523 2533; x_wconf 88' lang='lat' dir='ltr'>aliquid</span> <span class='ocrx_word' id='word_1_217' title='bbox 562 2470 804 2518; x_wconf 87' lang='lat' dir='ltr'>atrociter</span> <span class='ocrx_word' id='word_1_218' title='bbox 842 2470 954 2519; x_wconf 91' lang='lat' dir='ltr'>fieri</span> <span class='ocrx_word' id='word_1_219' title='bbox 992 2470 1225 2519; x_wconf 83' lang='lat' dir='ltr'>videmus</span> <span class='ocrx_word' id='word_1_220' title='bbox 1261 2474 1354 2518; x_wconf 92' lang='lat' dir='ltr'>aut</span> <span class='ocrx_word' id='word_1_221' title='bbox 1389 2469 1642 2527; x_wconf 90' lang='lat' dir='ltr'>audimus,</span> 
     </span>
     <span class='ocr_line' id='line_1_31' title="bbox 146 2548 1639 2614; baseline -0.001 -16"><span class='ocrx_word' id='word_1_222' title='bbox 146 2550 303 2599; x_wconf 89' lang='lat' dir='ltr'>etiam</span> <span class='ocrx_word' id='word_1_223' title='bbox 338 2549 430 2614; x_wconf 88' lang='lat' dir='ltr'>qui</span> <span class='ocrx_word' id='word_1_224' title='bbox 465 2554 653 2598; x_wconf 89' lang='lat' dir='ltr'>natura</span> <span class='ocrx_word' id='word_1_225' title='bbox 689 2549 950 2598; x_wconf 91' lang='lat' dir='ltr'>mitissimi</span> <span class='ocrx_word' id='word_1_226' title='bbox 987 2566 1177 2606; x_wconf 92' lang='lat' dir='ltr'>sumus,</span> <span class='ocrx_word' id='word_1_227' title='bbox 1203 2548 1504 2597; x_wconf 90' lang='lat' dir='ltr'>assiduitate</span> <span class='ocrx_word' id='word_1_228' title='bbox 1538 2564 1639 2597; x_wconf 87' lang='lat' dir='ltr'>mo-</span> 
     </span>
     <span class='ocr_line' id='line_1_32' title="bbox 144 2628 1641 2678; baseline -0.001 0"><span class='ocrx_word' id='word_1_229' title='bbox 144 2629 410 2678; x_wconf 82' lang='lat' dir='ltr'>lestiarum</span> <span class='ocrx_word' id='word_1_230' title='bbox 454 2646 657 2678; x_wconf 89' lang='lat' dir='ltr'>sensum</span> <span class='ocrx_word' id='word_1_231' title='bbox 710 2646 909 2678; x_wconf 91' lang='lat' dir='ltr'>omnem</span> <span class='ocrx_word' id='word_1_232' title='bbox 962 2628 1303 2677; x_wconf 86' lang='lat' dir='ltr'>humanitatis</span> <span class='ocrx_word' id='word_1_233' title='bbox 1347 2645 1410 2677; x_wconf 89' lang='lat' dir='ltr'>ex</span> <span class='ocrx_word' id='word_1_234' title='bbox 1455 2628 1641 2677; x_wconf 87' lang='lat' dir='ltr'>animis</span> 
     </span>
     <span class='ocr_line' id='line_1_33' title="bbox 145 2710 448 2759; baseline -0.003 0"><span class='ocrx_word' id='word_1_235' title='bbox 145 2710 448 2759; x_wconf 82' lang='lat' dir='ltr'>amittimus.</span> 
     </span>
    </p>
   </div>
  </div>
 </body>
</html>
