1832 2970
529 117 619 153 PRO
647 117 810 154 noscm
844 117 1082 154 Anniano,
1482 106 1544 153 89

50 237 102 284 te
135 234 253 284 istic
288 234 486 292 sedere3
521 250 690 299 neque
725 234 863 284 enim
897 239 1186 284 accusatore
1217 237 1360 283 muto
1382 249 1548 297 neque

49 319 181 364 teste
204 315 474 379 quisquam
491 314 662 363 utitur
679 331 750 373 eo,
776 314 867 378 qui
890 315 952 364 de
976 314 1282 364 accusatoris
1305 313 1548 363 subsellio

50 395 231 459 surgit.
307 394 426 443 Huc
464 394 674 452 accedit,
716 393 852 458 quod
893 395 1047 458 paulo
1088 399 1261 443 tamen
1301 393 1547 442 occultior

49 477 206 537 atque
228 473 409 522 tectior
432 477 606 523 vestra
627 473 730 523 ista
753 474 1010 538 cupiditas
1034 478 1180 522 esset.
1246 474 1295 523 N
1297 490 1398 522 11110
1420 473 1547 537 quid

48 558 128 602 ost
163 552 296 617 quod
332 553 605 617 quisquam
641 570 704 602 ex
740 553 889 602 vobis
925 553 1102 602 audire
1139 553 1404 611 desideret,
1430 570 1545 602 cum

50 649 178 683 cuae
214 632 383 682 facitis
423 633 534 682 eius
573 633 710 682 modi
749 634 870 692 sint,
913 638 974 682 ut
1010 650 1070 683 ea
1109 634 1284 682 dedita
1324 651 1476 698 opera
1516 651 1546 682 a

49 711 194 761 uobis
218 716 395 761 contra
415 717 615 761 vosmet
637 712 774 778 ipsos
799 713 965 762 facere
988 713 1303 762 videamini?

113 791 402 842 XXXVII.
439 791 569 857 Age,
593 809 732 842 1111110
754 792 847 841 illa
877 792 1156 851 videamus,
1182 792 1391 850 iudices,
1416 807 1547 855 quae
1571 795 1658 844 105

44 871 226 920 statim
254 876 523 921 consecuta
554 877 691 921 sunt.
762 873 845 920 Ad
870 872 1167 922 Volaterras
1195 872 1252 919 in
1286 876 1453 920 castra
1487 872 1545 920 L.

50 951 222 1001 Sullae
266 968 401 1000 mors
447 951 560 1002 Sex.
595 952 766 1002 Roscii
800 952 1099 1016 quadriduo,
1137 968 1238 1015 quo
1272 951 1317 999 is
1356 951 1550 1000 occisus

49 1034 140 1088 est,
175 1029 509 1095 Chrysogono
543 1031 834 1080 nuntiatur.
906 1031 1183 1089 Quaeritur
1211 1030 1367 1079 etiam
1394 1046 1547 1089 nunc,

49 1109 166 1173 quis
190 1126 305 1158 eum
336 1110 582 1158 nuntium
613 1110 828 1160 miserit.
896 1111 1080 1160 Nonne
1110 1110 1437 1174 perspicuum
1471 1114 1550 1159 est

49 1193 280 1251 eundem,
306 1192 397 1256 qui
420 1192 714 1241 Ameriam?
766 1191 926 1242 Curat
957 1192 1336 1256 Chrysogonus,
1356 1191 1549 1240 ut'eius

47 1272 181 1320 bona
216 1276 439 1320 veneant
470 1272 663 1330 statim,
702 1272 794 1335 qui
832 1289 935 1320 non
974 1276 1126 1321 norat
1161 1271 1421 1320 hominem
1457 1275 1550 1318 aut

49 1367 168 1400 rem.
236 1352 310 1400 At
333 1351 424 1415 qui
449 1350 500 1401 ei
527 1351 675 1400 venit
705 1351 762 1399 in
794 1356 1019 1400 mentem
1051 1351 1260 1417 praedia
1288 1350 1549 1415 concupis-

47 1446 158 1480 cere
174 1430 397 1480 hominis
413 1431 596 1496 ignoti,
616 1448 769 1495 quem
788 1431 994 1480 omnino
1012 1447 1295 1495 numquam
1311 1430 1549 1479 viderat?

47 1509 247 1570 Soletis,
282 1527 398 1560 cum
435 1511 633 1575 aliquid
667 1511 881 1560 huiusce
918 1511 1057 1560 modi
1093 1511 1301 1570 auditis,
1339 1510 1547 1569 iudices,

46 1591 289 1640 continuo
316 1592 509 1640 dicere:
546 1608 749 1641 necesse
784 1597 862 1641 est
896 1592 1120 1656 aliquem
1157 1591 1347 1640 dixisse
1381 1591 1549 1640 muni-

46 1670 209 1735 cipem
247 1676 338 1719 aut
376 1672 603 1721 vicinum
622 1691 635 1730 ;
683 1672 723 1719 ii
751 1672 1053 1736 plerumque
1076 1672 1325 1730 indicant,
1350 1688 1441 1736 per
1464 1688 1548 1721 eos

45 1750 277 1815 plerique
312 1752 617 1816 produntur.
686 1752 789 1801 Hic
828 1752 965 1800 nihil
1002 1757 1094 1810 est,
1133 1752 1271 1816 quod
1307 1751 1546 1816 suspicio·
1571 1755 1660 1804 106

45 1846 159 1878 sum
180 1830 278 1880 hoc
300 1847 407 1880 esse
430 1831 640 1896 putetis.
714 1831 829 1880 Non
854 1832 991 1880 enim
1015 1849 1110 1896 ego
1133 1831 1209 1880 ita
1239 1831 1513 1896 disputabo
1535 1850 1543 1879 :

44 1909 157 1957 veri
194 1910 360 1959 simile
392 1915 470 1959 est
497 1911 706 1960 Roscios
736 1910 889 1959 istam
920 1928 1026 1959 rem
1057 1911 1122 1960 ad
1155 1911 1547 1976 Chrysogonum

46 1990 318 2049 detulisse3
354 1995 466 2040 erat
489 1991 624 2040 enim
651 1991 725 2041 eis
754 2008 870 2041 cum
903 1991 1237 2057 Chrysogono
1263 1992 1366 2041 iam
1394 1997 1546 2042 antea

45 2071 298 2120 amicitia:
355 2087 476 2120 nam
532 2088 648 2120 cum
698 2072 888 2121 multos
933 2078 1132 2122 veteres
1185 2089 1216 2122 a
1267 2073 1545 2122 maioribus

45 2151 216 2200 Roscii
259 2156 500 2215 patronos
544 2151 875 2217 hospitesque
921 2153 1187 2213 haberent,
1234 2170 1408 2203 omnes
1462 2171 1545 2204 eos

45 2230 209 2280 colere
238 2235 396 2295 atque
423 2231 692 2281 observare
724 2233 1038 2282 destiterunt
1069 2250 1126 2282 ac
1157 2250 1210 2283 se
1237 2234 1294 2282 in
1324 2233 1545 2299 Chryso-

45 2310 167 2375 goni
190 2310 338 2359 fidem
363 2315 416 2358 et
439 2309 729 2360 clientelam
755 2312 1104 2363 contulerunt.
1173 2314 1315 2363 Haec
1337 2331 1543 2379 possum
1567 2318 1656 2368 10¹7

45 2389 214 2438 omnia
236 2406 356 2438 vere
383 2389 564 2449 dicere,
589 2391 678 2440 sed
700 2391 756 2439 in
779 2391 876 2441 hac
906 2409 1057 2442 causa
1088 2393 1378 2442 coniectura
1407 2394 1543 2443 nihil

43 2485 171 2533 opus
193 2474 284 2518 est.
355 2470 500 2535 Ipsos
524 2474 662 2520 certo
684 2470 787 2520 scio
817 2489 921 2522 non
952 2489 1141 2537 negare
1172 2473 1237 2522 ad
1263 2473 1389 2522 haec
1411 2475 1544 2524 bona

45 2548 437 2614 Chrysogonum
468 2550 734 2600 accessisse
762 2551 991 2617 impulsu
1029 2570 1134 2602 suo.
1204 2553 1259 2602 Si
1290 2571 1422 2613 eum,
1451 2555 1543 2619 qui

44 2627 224 2677 indicii
251 2634 453 2693 partem
484 2631 750 2696 acceperit,
784 2632 945 2682 oculis
974 2633 1208 2691 cernetis,
1241 2634 1541 2697 poteritisne

43 2707 293 2768 dubitare,
317 2709 525 2769 iudices,
550 2711 666 2775 quis
688 2711 962 2762 indicarit?
1030 2712 1130 2772 Qui
1153 2718 1277 2762 sunt
1299 2713 1464 2779 igitur
1485 2715 1539 2764 in
