1832 2970
219 93 281 140 18
690 103 780 138 rao
813 102 973 138 Rosc1o
1006 102 1242 138 Amnamo.

216 223 283 277 et,
309 219 446 283 quod
469 235 528 267 ea
551 218 775 266 studiose
799 217 976 275 coluit,
1001 218 1055 265 id
1078 218 1179 266 erit
1202 217 1250 266 ei
1274 217 1495 266 maxime
1523 216 1709 278 fraudi,

215 303 277 348 ut
300 316 481 364 parum
504 298 737 347 miseriae
760 298 843 355 sit,
863 298 998 361 quod
1021 298 1138 346 aliis
1160 297 1333 355 coluit,
1351 314 1455 346 non
1478 297 1594 356 sibi,
1609 298 1711 347 nisi

216 378 388 436 etiam,
416 378 553 441 quod
576 378 782 426 omnino
805 377 985 436 coluit,
1003 377 1207 425 crimini
1230 377 1404 426 fuerit.

134 464 192 512 50
282 458 487 508 XVIII.
522 458 602 506 Ne
625 461 699 518 tu,
723 458 895 515 Eruci,
919 461 1181 505 accusator
1203 473 1336 506 esses
1372 457 1637 515 ridiculus,
1663 458 1708 506 si

216 537 325 587 illis
347 538 664 602 temporibus
699 542 854 585 natus
882 553 1030 595 esses,
1055 553 1169 585 cum
1197 537 1263 585 ab
1296 542 1465 585 aratro
1495 553 1703 586 arcesse·

215 619 421 676 bantur,
456 617 546 682 qui
578 617 808 666 consules
842 617 1038 665 fierent.
1105 616 1313 664 Etenim
1346 617 1436 680 qui
1476 633 1708 681 praeesse

217 712 342 760 agro
363 697 571 745 colendo
593 696 853 760 flagitium
874 700 1039 760 putes,
1058 696 1284 759 profecto
1305 696 1456 743 illum
1470 696 1709 754 Atilium,

217 791 369 839 quem
392 791 484 824 sua
515 791 672 824 manu
699 780 1023 839 spargentem
1058 791 1227 823 semen
1267 776 1358 839 qui
1393 776 1537 824 missi
1561 781 1710 824 erant

217 859 579 915 convenerunt,
603 855 860 903 hominem
891 854 1250 918 turpissimum
1283 860 1438 918 atque
1475 855 1712 904 inhones-

215 934 472 983 tissimum
488 934 752 983 iudicares.
822 935 894 981 At
916 934 1121 983 hercule
1143 935 1357 982 maiores
1374 935 1538 982 nostri
1556 935 1709 999 longe

217 1014 371 1063 aliter
404 1018 458 1062 et
503 1015 565 1062 de
601 1014 692 1062 illo
737 1019 789 1062 et
835 1014 897 1062 de
943 1015 1125 1062 ceteris
1169 1014 1364 1062 talibus
1403 1014 1531 1062 viris
1577 1015 1710 1064 exis-

216 1094 486 1152 timabant,
511 1094 685 1156 itaque
720 1111 784 1142 ex
820 1093 1033 1141 minima
1066 1093 1467 1157 tenuissimaque
1500 1111 1556 1142 re
1579 1096 1711 1158 pub-

215 1174 317 1222 lica
349 1173 625 1222 maximam
660 1178 714 1221 et
742 1173 1154 1221 florentissimam
1183 1173 1331 1221 nobis
1367 1174 1707 1237 reliquerunt.

217 1253 347 1303 Suos<
395 1253 531 1302 enim
577 1269 727 1317 agros
782 1253 1007 1301 studiose
1052 1252 1303 1310 colebant,
1350 1269 1456 1301 non
1512 1253 1708 1302 alienos

216 1332 397 1396 cupide
420 1333 746 1395 adpetebant,
772 1332 960 1396 quibus
983 1332 1135 1379 rebus
1159 1336 1211 1380 et
1242 1332 1382 1395 agris
1412 1337 1466 1380 et
1494 1333 1711 1381 urbibus

217 1416 269 1460 et
290 1411 587 1460 nationibus
610 1428 717 1459 rem
748 1411 1004 1475 publicam
1036 1415 1191 1473 atque
1225 1411 1321 1459 hoc
1360 1411 1634 1475 imperium
1657 1417 1711 1460 et

135 1498 190 1545 51
217 1491 395 1556 populi
435 1491 650 1540 Romani
686 1507 872 1539 nomen
908 1495 1178 1538 auxerunt.
1246 1491 1425 1554 Neque
1457 1508 1552 1555 ego
1587 1491 1713 1540 haec

217 1587 275 1621 eo
298 1570 512 1635 profero,
537 1586 638 1632 quo
660 1570 966 1619 conferenda
989 1570 1096 1618 sint
1117 1587 1233 1618 cum
1256 1570 1412 1628 hisce,
1435 1571 1498 1619 de
1522 1571 1710 1633 quibus

217 1667 355 1701 nunc
379 1650 686 1714 quaerimus,
711 1651 799 1698 sed
821 1654 882 1698 ut
904 1650 1038 1698 illud
1058 1650 1410 1714 intellegatur,
1436 1667 1552 1698 cum
1575 1653 1712 1715 apud

217 1730 432 1780 maiores
467 1735 667 1778 nostros
703 1730 890 1778 summi
916 1730 1019 1777 viri
1055 1729 1426 1793 clarissimique
1462 1730 1710 1789 homines,

219 1811 311 1874 qui
355 1810 494 1859 omni
544 1815 770 1874 tempore
827 1810 892 1858 ad
949 1810 1297 1873 gubernacula
1340 1810 1417 1857 rei
1472 1811 1708 1874 publicae

220 1892 390 1940 sedere
428 1891 696 1948 debebant,
737 1895 909 1938 tamen
954 1890 1011 1938 in
1055 1890 1197 1954 agris
1242 1906 1442 1953 quoque
1482 1891 1709 1939 colendis

219 1970 542 2034 aliquantum
589 1987 768 2034 operae
804 1969 1148 2033 temporisque
1182 1969 1604 2033 consumpserint,
1633 1970 1714 2035 ig-

218 2049 359 2099 nosci
408 2054 640 2114 oportere
693 2049 740 2098 ei
796 2050 1008 2107 homini,
1066 2049 1157 2113 qui
1215 2066 1267 2097 se
1324 2050 1550 2098 fateatur
1604 2067 1712 2099 esse

218 2130 484 2188 rusticum,
531 2146 646 2178 cum
691 2129 802 2177 ruri
847 2129 1082 2177 assiduus
1127 2145 1326 2192 semper
1355 2129 1561 2187 vixerit,
1597 2146 1712 2178 cum

219 2209 517 2275 praesertim
556 2208 692 2257 nihil
729 2214 877 2268 esset,
913 2209 1048 2274 quod
1075 2213 1166 2256 aut
1206 2208 1344 2272 patri
1384 2209 1584 2272 gratius
1619 2214 1712 2257 aut

219 2291 320 2340 sibi
342 2290 616 2339 iucundius
640 2294 731 2338 aut
753 2305 808 2338 re
831 2306 952 2339 vera
974 2289 1239 2338 honestius
1262 2290 1427 2338 facere
1449 2294 1630 2353 posset.

135 2373 194 2420 52
287 2371 474 2420 Odium
496 2369 663 2434 igitur
696 2370 997 2417 acerrimum
1020 2368 1183 2433 patris
1218 2368 1275 2416 in
1307 2368 1474 2415 filium
1502 2385 1566 2416 ex
1599 2369 1709 2427 hoc,

221 2450 414 2515 opinor,
472 2449 775 2506 ostenditur,
833 2448 1004 2505 Eruci,
1063 2447 1199 2510 quod
1254 2447 1392 2494 hunc
1435 2447 1545 2494 ruri
1602 2464 1710 2497 esse

220 2529 527 2594 patiebatur.
609 2528 747 2576 Num
791 2527 918 2590 quid
958 2532 1036 2575 est
1072 2527 1247 2575 aliud?
1331 2531 1343 2551 ‘
1358 2525 1523 2574 Immo
1557 2543 1678 2575 vero
1697 2527 1709 2546 ’

220 2610 408 2673 inquit
455 2616 467 2637 ‘
483 2613 561 2658 est
586 2627 596 2657 :
664 2623 784 2656 nam
845 2607 1001 2655 istum
1060 2606 1366 2655 exheredare
1426 2607 1482 2654 in
1541 2607 1710 2655 animo

219 2687 473 2746 habebat?
540 2687 740 2745 Audio3
774 2702 913 2734 nunc
941 2685 1069 2734 dicis
1098 2685 1294 2750 aliquid
1330 2687 1465 2750 quod
1504 2686 1568 2734 ad
1602 2700 1715 2734 rem*
