1832 2970
198 107 227 150 8
655 118 743 152 PRO
778 118 937 153 Roscm
970 119 1206 154 Ansium.

198 238 314 291 tur3
370 233 673 297 magnitudo
729 233 974 296 pecuniae
1022 234 1425 291 demonstratum
1477 234 1677 282 bonitas

194 313 701 378 praediorum—nam
758 313 940 361 fundos
986 314 1156 361 decem
1202 319 1254 362 et
1300 319 1403 361 tres
1449 312 1677 376 reliquit,

193 394 284 456 qui
320 392 548 440 Tiberim
583 392 688 440 fere
722 408 893 441 omnes
928 394 1390 457 tangunt,—huius
1422 393 1595 457 inopia
1625 398 1679 441 et

193 474 415 522 solitudo
462 477 908 521 commemoratur:
957 473 1322 531 demonstrant,
1371 490 1485 522 cum
1531 477 1679 536 pater

191 551 418 610 huiusce,
466 551 580 601 Sex.
637 551 863 609 Roscius,
922 551 1071 600 homo
1128 557 1235 600 tam
1281 552 1579 616 splendidus
1625 556 1677 599 et

191 631 461 695 gratiosus,
497 631 642 680 nullo
668 632 875 695 negotio
903 632 973 680 sit
1003 632 1210 690 occisus,
1247 632 1487 696 perfacile
1521 631 1675 687 hunc,

188 711 447 760 hominem
470 712 737 760 incautum
764 716 816 759 et
843 713 1092 760 rusticum
1120 717 1172 761 et
1206 713 1393 760 Romae
1423 711 1674 775 ignotum,

188 791 250 839 de
273 791 438 840 medio
460 791 576 840 tolli
599 808 744 855 posse
764 810 775 840 :
819 793 884 839 ad
907 809 1018 840 eam
1041 809 1148 840 rem
1179 808 1383 856 operam
1401 807 1545 839 suam
1569 790 1676 854 pol·

186 869 424 919 licentur.
482 871 559 920 Ne
577 871 774 918 diutius
797 875 1013 934 teneam,
1032 871 1240 928 iudices,
1257 870 1470 919 societas
1493 869 1672 918 coitur.

104 940 160 986 21
252 949 403 999 VIII.
441 950 570 999 Cum
584 950 730 998 nulla
753 950 856 997 iam
880 950 1266 1014 proscriptionis
1290 950 1483 997 mentio
1505 949 1668 1005 fieret,

184 1046 299 1077 cum
323 1031 492 1088 etiam,
518 1030 608 1093 qui
624 1035 776 1078 antea
800 1036 1103 1088 metuerant,
1130 1030 1359 1078 redirent
1381 1046 1440 1078 ac
1458 1029 1561 1078 iam
1589 1029 1673 1077 de-

184 1109 386 1158 functos
410 1125 516 1157 sese
546 1108 787 1173 periculis
818 1109 1210 1167 arbitrarentur,
1234 1125 1420 1157 nomen
1451 1109 1673 1156 refertur

181 1188 239 1234 in
261 1188 465 1237 tabulas
489 1188 634 1237 Sexti
655 1188 841 1246 Roscii,
865 1189 983 1236 bona
1006 1194 1200 1236 veneunt
1234 1187 1456 1236 hominis
1480 1187 1674 1236 studio-

181 1269 370 1317 sissimi
406 1269 727 1318 nobilitatis:
763 1267 999 1334 manceps
1046 1270 1107 1317 fit
1143 1269 1536 1333 Chrysogonus3
1570 1268 1673 1316 tria

180 1349 388 1412 praedia
410 1348 496 1396 vel
515 1349 835 1397 nobilissima
860 1347 1100 1412 Capitoni
1134 1348 1340 1412 propria
1377 1348 1671 1405 traduntur,

180 1444 309 1491 quae
331 1427 481 1476 hodie
503 1427 726 1492 possidet
746 1446 758 1476 :
793 1428 850 1475 in
872 1428 1096 1491 reliquas
1120 1444 1292 1476 omnes
1316 1427 1550 1475 fortunas
1572 1425 1671 1474 iste

180 1508 332 1556 Titus
355 1507 569 1556 Roscius
591 1508 795 1555 nomine
821 1507 1155 1572 Chrysogoni,
1181 1524 1331 1570 quem
1366 1506 1431 1554 ad
1465 1506 1671 1555 modum

177 1588 286 1652 ipse
309 1587 451 1646 dicit,
475 1587 726 1650 impetum
750 1587 891 1635 facit.
960 1587 1102 1635 Haec
1134 1588 1267 1635 bona
1301 1586 1396 1636 HS
1427 1586 1671 1648 seaeaqiene
1699 1620 1704 1625 -

177 1672 418 1715 emuntur
453 1667 649 1714 duobus
694 1666 904 1714 milibus
947 1683 1228 1715 nummum.
1296 1666 1437 1714 Haec
1482 1666 1667 1722 omnia,

176 1746 384 1805 iudices,
418 1746 747 1809 imprudente
779 1746 839 1794 L.
882 1745 1026 1794 Sulla
1063 1746 1199 1793 facta
1236 1762 1343 1793 esse
1380 1749 1517 1792 certo
1549 1745 1666 1792 scio.

93 1838 152 1885 22
176 1826 353 1889 Neque
377 1825 514 1873 enim
537 1824 740 1895 mirum,
767 1841 882 1873 cum
917 1825 1090 1873 eodem
1114 1830 1339 1888 tempore
1363 1829 1416 1873 et
1438 1840 1511 1882 ea,
1537 1841 1668 1887 quae

174 1905 452 1970 praeterita
487 1909 623 1962 sunt,
659 1911 786 1952 sanet
819 1909 872 1952 et
908 1920 983 1962 ea,
1019 1921 1149 1967 quae
1180 1905 1424 1952 videntur
1457 1904 1665 1962 instare,

174 1987 456 2046 praeparet,
492 1998 607 2030 cum
643 1987 696 2030 et
735 1982 875 2046 pacis
911 1984 1297 2031 constituendae
1330 1984 1580 2032 rationem
1614 1989 1667 2032 et

173 2061 298 2110 belli
322 2061 532 2125 gerendi
555 2065 861 2124 potestatem
885 2062 1022 2110 solus
1045 2062 1248 2120 habeat,
1278 2078 1394 2110 cum
1413 2078 1586 2111 omnes
1609 2064 1666 2111 in

173 2157 334 2189 unum
357 2144 602 2204 spectent,
627 2156 761 2188 unus
777 2140 946 2187 omnia
961 2141 1227 2203 gubernet,
1245 2157 1361 2188 cum
1385 2145 1463 2189 tot
1481 2142 1664 2190 tantis-

174 2237 272 2283 que
307 2218 530 2283 negotiis
567 2218 823 2266 distentus
864 2219 947 2277 sit,
986 2224 1047 2267 ut
1083 2220 1332 2283 respirare
1369 2220 1527 2269 libere
1560 2237 1663 2269 non

172 2299 347 2363 possit,
372 2299 417 2347 si
439 2297 639 2360 aliquid
660 2314 762 2345 non
796 2297 1188 2357 animadvertat,
1214 2316 1330 2346 cum
1364 2299 1662 2363 praesertim

170 2383 277 2426 tam
311 2377 465 2426 multi
498 2376 879 2440 occupationem
910 2377 1019 2425 eius
1054 2377 1326 2426 observent
1359 2382 1662 2440 tempusque

157 2461 502 2521 aucupentur,
542 2460 618 2512 ut,
656 2455 962 2519 simulatque
999 2457 1087 2504 ille
1122 2456 1426 2520 despexerit,
1462 2456 1661 2519 aliquid

170 2537 382 2584 huiusce
405 2535 542 2584 modi
563 2534 856 2583 moliantur.
894 2535 1012 2583 Huc
1035 2536 1229 2583 accedit
1251 2534 1400 2598 quod,
1425 2536 1659 2598 quamvis

170 2615 261 2663 ille
284 2615 411 2662 felix
435 2615 517 2672 sit,
554 2614 686 2662 sicut
717 2618 808 2671 est,
840 2618 1013 2661 tamen
1047 2619 1195 2662 tanta
1229 2613 1478 2661 felicitate
1510 2630 1659 2662 nemo

170 2698 337 2759 potest
371 2710 491 2750 esse,
538 2692 594 2740 in
625 2709 809 2755 magna
844 2693 1038 2741 familia
1072 2693 1163 2755 qui
1193 2691 1450 2740 neminem
1491 2708 1659 2756 neque
