1832 2970
456 451 534 508 Μ.
585 451 849 509 TULLII
900 450 1305 507 CICERONIS

841 598 923 628 PRO

183 715 541 783 SEXTO
603 687 994 783 Roscio
1053 713 1588 782 AMERINO

568 859 795 905 ORATIO
826 860 913 903 AD
944 859 1205 904 IUDICES.

200 1066 244 1114 Ι.
283 1065 447 1115 CREDO
481 1082 576 1130 ego
604 1082 710 1124 vos,
741 1065 950 1124 iudices,
986 1067 1179 1126 mirari,
1213 1067 1340 1130 quid
1373 1067 1442 1115 sit
1482 1066 1634 1131 quod,
1660 1068 1684 1116 1

136 1165 251 1196 cum
296 1152 376 1195 tot
432 1147 618 1195 summi
675 1151 899 1195 oratores
944 1147 1279 1210 hominesque
1327 1147 1638 1196 nobilissimi

134 1228 358 1284 sedeant,
413 1242 508 1289 ego
570 1226 895 1290 potissimum
949 1227 1275 1284 surrexerim,
1323 1226 1414 1290 qui
1469 1243 1637 1290 neque

135 1312 303 1358 aetate
346 1323 513 1371 neque
557 1306 768 1370 ingenio
811 1322 980 1370 neque
1024 1306 1330 1354 auctoritate
1376 1307 1474 1355 sim
1520 1323 1636 1355 cum

133 1388 231 1449 his,
280 1386 371 1451 qui
422 1387 648 1444 sedeant,
698 1387 1085 1450 comparandus.
1155 1388 1344 1437 Omnes
1390 1387 1462 1446 hi,
1511 1404 1639 1451 quos

132 1468 322 1517 videtis
357 1467 543 1524 adesse,
579 1466 636 1513 in
675 1465 773 1514 hac
810 1483 962 1515 causa
997 1467 1244 1515 iniuriam
1279 1484 1414 1516 novo
1449 1468 1636 1517 scelere

133 1548 405 1598 conflatam
441 1550 633 1611 putant
679 1550 912 1610 oportere
957 1547 1179 1605 defendi,
1221 1547 1494 1597 defendere
1533 1548 1637 1612 ipsi

132 1633 342 1694 propter
393 1627 727 1691 iniquitatem
774 1631 1063 1691 temporum
1110 1643 1214 1675 non
1260 1629 1468 1677 audent.
1552 1629 1637 1677 Ita

132 1709 195 1757 fit
230 1713 301 1756 ,ut
348 1707 521 1756 adsint
569 1711 854 1771 propterea,
890 1708 1027 1771 quod
1066 1707 1286 1756 officium
1332 1714 1633 1772 sequuntur,

133 1792 338 1837 taceant
362 1792 535 1836 autem
558 1787 764 1845 idcirco,
790 1787 913 1850 quia
940 1787 1227 1851 periculum
1250 1788 1439 1836 vitant.
1500 1789 1636 1847 Quid
1659 1790 1688 1836 2

133 1873 288 1934 ergo?
322 1869 690 1918 audacissimus
725 1885 820 1932 ego
855 1885 919 1916 ex
953 1869 1222 1917 omnibus?
1256 1869 1480 1918 minime.
1550 1871 1636 1918 An

134 1955 281 1998 tanto
326 1948 592 1998 officiosior
651 1965 807 2012 quam
867 1949 1058 1997 ceteri?
1113 1966 1178 1997 ne
1227 1949 1382 1998 istius
1427 1950 1635 2014 quidem

134 2030 305 2079 laudis
349 2029 426 2078 ita
471 2046 584 2077 sum
631 2029 862 2093 cupidus,
901 2033 963 2076 ut
1003 2029 1121 2077 aliis
1160 2045 1272 2078 eam
1312 2035 1635 2096 praereptam

135 2110 309 2159 velim.
379 2109 519 2168 Quae
546 2126 627 2159 me
660 2109 828 2174 igitur
860 2125 941 2157 res
975 2114 1179 2173 praeter
1209 2115 1401 2160 ceteros
1425 2111 1636 2177 impulit

135 2196 197 2240 ut
237 2206 443 2239 causam
490 2189 603 2238 Sex.
651 2189 820 2239 Roscii
864 2189 1179 2254 reciperem?
1246 2190 1392 2250 Quia,
1429 2192 1473 2240 si
1518 2193 1635 2256 quis

134 2271 317 2319 horum
340 2269 571 2328 dixisset,
587 2286 714 2334 quos
730 2269 921 2318 videtis
944 2270 1131 2328 adesse,
1146 2270 1203 2318 in
1226 2271 1413 2334 quibus
1437 2289 1635 2321 summa

136 2350 417 2399 auctoritas
463 2354 542 2398 est
587 2354 743 2413 atque
783 2350 1084 2414 amplitudo,
1126 2350 1170 2398 si
1210 2352 1427 2400 verbum
1472 2353 1534 2400 de
1579 2369 1634 2401 re

136 2430 344 2495 publica
368 2430 587 2490 fecisset,
612 2430 667 2477 id
703 2430 839 2493 quod
875 2429 932 2477 in
968 2429 1066 2478 hac
1101 2446 1252 2479 causa
1285 2431 1398 2479 fieri
1432 2448 1635 2482 necesse

138 2515 230 2569 est,
254 2511 419 2559 multo
454 2510 607 2574 plura
643 2510 848 2569 dixisse,
885 2527 1039 2575 quam
1076 2511 1306 2570 dixisset,
1332 2517 1632 2577 putaretur:

137 2607 231 2654 ego
276 2594 448 2638 autem
493 2590 538 2638 si
592 2590 778 2651 omnia,
823 2607 954 2655 quae
1007 2591 1222 2640 dicenda
1278 2597 1415 2651 sunt,
1473 2593 1633 2643 libere
1655 2599 1685 2646 3

137 2672 330 2730 dixero,
353 2689 677 2736 nequaquam
700 2677 873 2722 tamen
905 2672 1149 2722 similiter
1171 2674 1334 2723 oratio
1358 2691 1470 2724 mea
1493 2676 1633 2726 exire

1403 2771 1435 2804 Β
