1832 2970
258 121 291 165 4
731 130 820 165 rizo
853 130 1012 165 Roscm
1048 131 1119 164 AM
1127 132 1285 166 mmm.

254 259 425 292 nonne
447 259 562 291 cum
585 243 750 291 multa
771 242 1001 307 indigna,
1025 248 1138 291 tum
1170 243 1301 308 [vel]
1335 243 1430 291 hoc
1454 243 1750 308 indignissi-

255 340 397 371 mum
420 328 513 381 est,
537 339 628 371 vos
650 323 856 371 idoneos
878 323 1096 381 habitos,
1115 339 1207 387 per
1229 339 1446 386 quqtfum
1469 324 1751 372 sententias

255 403 438 466 iusque
478 403 753 451 iurandum
787 402 844 450 id
882 403 1244 466 adsequantur,
1285 403 1422 466 quod
1461 406 1614 450 antea
1648 402 1750 466 ipsi

255 482 441 531 scelere
496 487 550 530 et
606 483 739 531 ferro
783 481 995 545 adsequi
1042 482 1451 530 consueverant?
1540 480 1642 539 Qui
1686 497 1751 529 ex

255 562 468 611 civitate
500 562 557 610 in
592 565 827 610 senatum
864 565 1074 625 propter
1110 560 1436 624 dignitatem,
1468 577 1532 608 ex
1569 565 1752 608 senatu

253 641 310 689 in
332 642 428 690 hoc
450 640 718 690 consilium
731 639 919 688 delecti
942 639 1067 688 estis
1090 643 1299 703 propter
1320 639 1661 697 severitatem,
1686 640 1753 687 ab

255 723 338 771 his
360 722 456 770 hoc
479 721 739 786 postulare
761 719 992 768 homines
1015 718 1223 767 sicarios
1246 723 1402 782 atque
1425 719 1752 783 gladiatores,

253 819 359 851 non
382 802 530 850 modo
552 805 614 849 ut
637 799 892 864 supplicia
914 799 1099 856 vitent,
1120 815 1250 862 quae
1265 815 1295 846 a
1312 798 1460 847 vobis
1483 814 1575 862 pro
1597 798 1753 847 male-

254 882 385 930 ficiis
407 881 513 930 suis
535 885 761 928 metuere
784 883 939 942 atque
961 877 1165 926 horrere
1179 878 1381 935 debent,
1397 894 1577 925 verum
1595 878 1752 926 etiam

253 967 315 1010 ut
338 961 514 1026 spoliis
542 977 606 1009 ex
636 961 732 1008 hoc
758 959 949 1007 iudicio
980 958 1150 1006 ornati
1179 957 1422 1021 auctique
1454 957 1753 1005 discedant?

202 1050 230 1095 9
254 1043 348 1092 IV.
385 1042 485 1090 His
524 1042 587 1089 de
626 1041 780 1088 rebus
819 1039 983 1087 tantis
1030 1043 1239 1101 tamque
1285 1038 1542 1086 atrocibus
1586 1055 1753 1102 neque

255 1122 381 1170 satis
418 1138 499 1169 me
536 1120 794 1169 commode
829 1119 996 1166 dicere
1026 1134 1193 1181 neque
1221 1117 1349 1166 satis
1379 1118 1611 1181 graviter
1637 1134 1753 1166 con-

255 1202 402 1266 queri
435 1217 601 1265 neque
635 1200 762 1248 satis
795 1199 956 1247 libere
989 1198 1262 1246 vociferari
1296 1214 1441 1261 posse
1474 1197 1751 1262 intellego;

253 1299 374 1330 nam
396 1279 746 1330 commoditati
767 1278 1050 1342 ingenium,
1067 1277 1318 1341 gravitati
1340 1281 1494 1335 aetas,
1519 1276 1753 1325 libertati

253 1367 486 1425 tempora
519 1363 641 1408 sunt
674 1357 1055 1422 impedimento.
1142 1356 1261 1404 Huc
1295 1356 1489 1404 accedit
1522 1372 1753 1404 summus

254 1442 423 1498 timor,
456 1455 608 1504 quem
643 1438 774 1486 mihi
808 1442 996 1485 natura
1026 1436 1293 1500 pudorque
1329 1452 1471 1483 meus
1504 1435 1750 1483 attribuit

255 1528 308 1572 et
352 1526 527 1570 vestra
571 1519 801 1583 dignitas
851 1523 904 1566 et
952 1518 1034 1565 vis
1083 1516 1491 1565 adversariorum
1537 1521 1590 1564 et
1635 1516 1750 1565 Sex.

255 1601 425 1652 Roscii
447 1599 691 1666 pericula.
761 1598 1083 1661 Quapropter
1113 1612 1205 1644 vos
1235 1612 1322 1644 oro
1352 1601 1508 1659 atque
1531 1596 1751 1654 obsecro,

253 1682 462 1739 iudices,
500 1684 561 1728 ut
601 1683 799 1727 attente
832 1678 1066 1740 bonaque
1104 1692 1220 1724 cum
1259 1675 1412 1724 venia
1447 1675 1604 1723 verba
1639 1692 1754 1724 mea

175 1762 231 1810 10
255 1760 492 1810 audiatis.
583 1758 711 1806 Fide
774 1756 1127 1820 sapientiaque
1186 1759 1359 1803 vestra
1415 1755 1578 1817 fretus
1634 1755 1753 1818 plus

255 1840 423 1890 oneris
446 1838 649 1897 sustuli,
673 1853 827 1900 quam
860 1836 992 1884 ferre
1022 1851 1103 1882 me
1133 1850 1278 1898 posse
1308 1834 1570 1897 intellego.
1638 1834 1754 1882 Hoc

256 1937 384 1969 onus
419 1919 464 1968 si
500 1934 591 1966 vos
627 1917 801 1981 aliqua
836 1931 900 1963 ex
935 1919 1082 1979 parte
1118 1914 1438 1972 adlevabitis,
1477 1915 1652 1972 feram,
1690 1920 1754 1963 ut

257 2004 447 2064 potero,
481 1996 651 2045 studio
684 2001 737 2043 et
767 1994 1040 2052 industria,
1071 1994 1291 2042 iudices:
1327 1993 1407 2042 sin
1444 2010 1474 2041 a
1504 1994 1665 2052 vobis,
1696 1993 1753 2041 id

258 2079 394 2144 quod
422 2094 526 2126 non
553 2092 714 2140 spero,
740 2075 955 2132 deserar,
980 2078 1155 2122 tamen
1186 2074 1356 2122 animo
1385 2090 1489 2122 non
1520 2074 1752 2122 deficiam

258 2164 312 2207 et
344 2158 399 2206 id
433 2156 569 2221 quod
602 2153 815 2218 suscepi,
845 2153 1011 2217 quoad
1044 2157 1235 2216 potero,
1270 2154 1536 2216 perferam.
1605 2153 1753 2211 Quod

259 2239 303 2286 si
324 2237 548 2302 perferre
570 2251 673 2282 non
696 2238 888 2298 potero,
914 2231 1134 2296 opprimi
1156 2248 1237 2280 me
1260 2249 1410 2280 onere
1439 2232 1588 2280 officii
1617 2232 1753 2280 malo

260 2333 414 2380 quam
443 2315 513 2373 id,
547 2314 684 2378 quod
712 2312 842 2359 mihi
873 2328 988 2360 cum
1020 2311 1120 2358 fide
1150 2311 1306 2359 semel
1331 2311 1628 2374 impositum
1658 2315 1752 2368 est,

260 2401 352 2445 aut
387 2398 597 2459 propter
636 2391 902 2456 perfidiam
934 2391 1129 2438 abicere
1164 2395 1256 2438 aut
1291 2394 1500 2454 propter
1538 2389 1755 2437 infirmi-

260 2479 422 2524 tatem
457 2471 616 2521 animi
651 2471 914 2533 deponere.
999 2469 1071 2516 Te
1106 2484 1307 2532 quoque
1350 2484 1538 2532 magno
1587 2484 1753 2532 opere,

261 2555 332 2602 M.
361 2551 545 2610 Fanni,
581 2565 768 2615 quaeso
799 2553 874 2607 ut,
910 2547 1113 2612 qualem
1147 2552 1200 2595 te
1231 2547 1334 2595 iam
1375 2552 1528 2596 antea
1563 2547 1756 2612 populo

262 2633 490 2682 Romano
546 2629 844 2695 praebuisti,
903 2645 1018 2676 cum
1074 2627 1195 2675 huic
1246 2627 1408 2675 eidem
1465 2627 1754 2691 quaestioni

263 2712 466 2766 [iudex]
494 2726 765 2767 praeesses,
794 2709 952 2757 talem
980 2713 1032 2756 te
1068 2712 1122 2756 et
1150 2707 1298 2755 nobis
1329 2711 1381 2755 et
1411 2706 1486 2755 rei
1517 2706 1754 2772 publicae
