1832 2970
165 81 227 128 16
638 94 726 129 rizo
760 93 920 129 noscto
955 93 1188 130 Ammo.

163 206 459 270 praefuisse,
485 207 573 256 sed
595 206 750 256 certis
781 206 957 255 fundis
984 211 1130 271 patre
1159 207 1282 256 vivo
1313 206 1418 255 frui
1447 206 1650 256 solitum

162 304 284 346 esse,
323 293 562 336 tamenne
605 286 731 336 haec
774 287 887 335 vita
931 303 962 335 a
1006 292 1059 335 te
1103 287 1363 336 rusticana
1406 285 1652 350 relegatio

163 371 318 431 atque
380 366 672 416 amandatio
726 366 1116 431 appellabitur?
1184 367 1424 423 Videsne,
1481 364 1653 422 Eruci,

162 450 416 508 quantum
438 446 598 495 distet
628 445 1009 510 argumentatio
1042 450 1134 494 tua
1167 446 1232 493 ab
1262 462 1317 493 re
1348 445 1461 508 ipsa
1498 448 1653 507 atque

162 543 192 574 a
222 526 481 575 veritate?
547 525 691 584 Quod
740 525 1106 574 consuetudine
1139 530 1312 589 patres
1346 524 1558 581 faciunt,
1598 523 1653 571 id

161 606 308 668 quasi
339 622 531 654 novum
553 604 883 669 reprehendis
901 623 914 662 ;
950 605 1086 668 quod
1107 603 1466 652 benevolentia
1488 603 1564 660 fit,
1598 602 1653 650 id

161 685 276 734 odio
321 686 517 734 factum
554 684 873 742 criminaris3
909 684 1046 748 quod
1078 683 1285 732 honoris
1317 699 1468 731 causa
1506 686 1653 746 pater

160 765 269 814 filio
305 782 396 814 suo
432 765 693 822 concessit,
731 764 787 812 id
831 781 948 831 eum
993 763 1236 828 supplicii
1281 779 1430 812 causa
1475 761 1652 809 fecisse

74 857 137 905 45
161 845 302 893 dicis.
371 845 548 908 Neque
582 844 707 892 haec
742 849 803 891 tu
842 860 944 891 non
982 843 1260 906 intellegis,
1285 843 1373 890 sed
1399 858 1560 905 usque
1594 857 1652 889 eo

159 926 295 989 quod
318 941 505 989 arguas
527 941 632 973 non
654 924 827 981 habes,
851 927 913 970 ut
935 939 1039 971 non
1061 923 1210 970 modo
1232 922 1333 969 tibi
1356 926 1533 969 contra
1558 937 1652 968 nos

158 1004 429 1052 dicendum
474 1007 637 1067 putes,
684 1018 864 1050 verum
911 1002 1067 1050 etiam
1124 1005 1300 1049 contra
1348 1016 1519 1048 rerum
1562 1016 1652 1047 na-

156 1088 327 1132 turam
346 1087 622 1145 contraque
646 1081 1063 1130 consuetudinem
1085 1080 1352 1128 hominum
1376 1085 1652 1144 contraque

156 1163 419 1227 opiniones
442 1162 684 1211 omnium.

222 1243 370 1293 XVI.
406 1243 480 1290 At
513 1242 664 1299 enim,
690 1257 805 1289 cum
848 1241 972 1289 duos
1006 1240 1139 1288 filios
1176 1239 1404 1298 haberet,
1429 1239 1649 1288 alterum

155 1339 185 1370 a
224 1339 278 1371 se
310 1339 413 1370 non
446 1321 757 1378 dimittebat,
793 1320 1013 1368 alterum
1051 1319 1162 1368 ruri
1196 1336 1303 1368 esse
1337 1320 1648 1384 patiebatur.

154 1402 362 1460 Quaeso,
398 1401 570 1458 Eruci,
607 1404 669 1448 ut
704 1400 800 1448 hoc
836 1400 892 1447 in
932 1400 1117 1447 bonam
1153 1403 1353 1462 partem
1399 1399 1647 1463 accipias;

153 1498 258 1530 non
279 1481 417 1530 enim
439 1478 782 1544 exprobrandi
805 1494 970 1536 causa,
995 1479 1083 1527 sed
1106 1478 1456 1527 commonendi
1479 1478 1650 1542 gratia

68 1576 130 1624 46
155 1564 335 1612 dicam.
405 1562 460 1612 Si
493 1561 594 1609 tibi
631 1562 837 1609 fortuna
880 1577 984 1608 non
1029 1560 1185 1618 dedit,
1225 1564 1287 1607 ut
1325 1564 1473 1624 patre
1512 1565 1650 1609 certo

153 1659 427 1699 nascerere,
464 1658 528 1689 ex
573 1657 673 1705 quo
719 1640 1021 1704 intellegere
1077 1655 1264 1703 posses,
1311 1639 1402 1702 qui
1447 1639 1648 1688 animus

154 1722 354 1787 patrius
399 1722 456 1769 in
492 1721 679 1768 liberos
711 1724 856 1778 esset,
886 1724 942 1767 at
976 1723 1164 1767 natura
1208 1723 1344 1767 certe
1389 1720 1547 1777 dedit,
1587 1725 1648 1768 ut

153 1801 494 1850 humanitatis
507 1816 611 1849 non
633 1816 815 1864 parum
833 1799 1046 1847 haberes
1067 1817 1077 1847 ε
1103 1815 1160 1847 eo
1183 1798 1395 1847 accessit
1417 1799 1647 1848 studium

155 1881 429 1938 doctrinae,
465 1883 526 1927 ut
570 1895 636 1927 ne
680 1895 711 1926 a
755 1878 950 1926 litteris
996 1878 1204 1941 quidem
1254 1878 1453 1927 alienus
1498 1895 1646 1928 esses„

154 1959 354 2022 Ecquid
375 1959 583 2007 tandem
606 1958 708 2006 tibi
730 1958 953 2016 videtur,
972 1963 1034 2006 ut
1057 1958 1122 2006 ad
1145 1958 1348 2006 fabulas
1364 1958 1645 2017 veniamus,

153 2055 308 2088 senex
353 2038 444 2086 ille
490 2037 811 2088 Caecilianus
856 2037 1068 2086 minoris
1114 2038 1278 2086 facere
1330 2038 1644 2102 Eutychum,

152 2117 318 2166 filium
381 2116 646 2175 rusticum,
704 2133 857 2179 quam
929 2116 1081 2164 illum
1149 2117 1384 2177 alterum,
1432 2118 1646 2168 Chaere-

154 2201 375 2246 stratum
397 2199 418 2245 ⁴?
439 2225 506 2232 —
526 2212 661 2253 nam,
707 2200 770 2243 ut
815 2195 1008 2259 opinor,
1054 2196 1151 2244 hoc
1202 2197 1409 2246 nomine
1454 2203 1562 2247 est:
1582 2227 1646 2234 —-

153 2277 372 2326 alterum
427 2276 484 2323 in
539 2275 668 2324 urbe
724 2291 893 2323 secum
959 2275 1168 2324 honoris
1229 2293 1379 2325 causa
1441 2277 1643 2334 habere,

70 2362 133 2411 4¹7
155 2357 373 2405 alterum
417 2371 505 2403 rus
556 2354 798 2419 supplicii
852 2371 1003 2403 causa
1047 2355 1333 2420 relegasse?
1399 2355 1535 2413 Quid
1580 2357 1646 2404 ad

155 2437 283 2484 istas
305 2434 528 2499 ineptias
559 2435 703 2482 abis?
734 2434 952 2496 inquies.
1022 2436 1178 2493 Quasi
1200 2451 1320 2484 vero
1354 2434 1485 2483 mihi
1518 2436 1646 2483 diffi-

156 2516 253 2564 cile
297 2515 368 2564 sit
413 2513 648 2578 quamvis
699 2514 890 2562 multos
939 2515 1246 2564 nominatim
1294 2515 1535 2579 proferre,
1579 2532 1646 2564 ne

155 2595 361 2659 longius
401 2595 592 2652 abeam,
629 2593 715 2642 vel
750 2594 968 2642 tribules
1003 2594 1090 2643 vel
1124 2594 1320 2643 vicinos
1355 2611 1507 2652 meos,
1554 2594 1644 2657 qui

157 2690 273 2724 suos
295 2674 497 2733 liberos,
521 2690 647 2739 quos
670 2673 883 2739 plurimi
907 2674 1119 2734 faciunt,
1144 2673 1394 2740 agricolas
1417 2673 1643 2722 assiduos
