1832 2970
590 92 680 128 PRO
714 92 876 128 Rosc1o
909 92 1150 128 mammo,
1558 84 1623 130 43

114 224 216 258 non
275 207 651 258 contaminarit.
761 207 826 256 In
879 208 1032 257 rebus
1085 206 1371 256 minoribus
1423 206 1617 256 socium

113 287 291 338 fallere
312 286 669 353 turpissimum
699 291 778 336 est
809 303 1069 352 aequeque
1096 292 1249 352 turpe
1280 290 1435 351 atque
1465 286 1616 344 illud,

113 367 175 416 de
215 384 315 432 quo
359 370 480 416 ante
524 366 664 426 dixi3
700 383 868 431 neque
912 365 1120 426 iniuria,
1166 370 1436 431 propterea
1480 365 1617 429 quod

113 446 362 496 auxilium
397 445 498 495 sibi
534 463 587 495 se
626 451 779 512 putat
819 444 1133 503 adiunxisse,
1173 445 1264 509 qui
1300 462 1416 494 cum
1455 444 1619 496 altero

111 543 218 576 rem
240 526 650 576 communicavit.
708 526 792 575 Ad
809 526 957 575 cuius
974 525 1141 591 igitur
1159 525 1312 574 fidem
1335 525 1615 590 confugiet,

112 622 226 655 cum
270 622 362 670 per
406 605 516 655 eius
558 606 713 655 fidem
757 605 998 664 laeditur,
1042 605 1125 653 cui
1172 621 1226 653 se
1271 603 1618 653 commiserit?

110 685 284 750 Atque
337 702 396 734 ea
449 690 572 735 sunt
616 685 1080 735 animadvertenda
1125 688 1333 749 peccata
1376 683 1616 743 maxime,

110 780 239 829 quae
263 765 560 815 difficillime
583 769 970 830 praecaventur.
1042 764 1191 813 Tecti
1215 779 1322 813 esse
1339 764 1405 812 ad
1422 763 1619 813 alienos

108 860 406 908 possumus;
441 845 619 894 intimi
657 845 824 893 multa
863 844 1121 909 apertiora
1161 843 1377 892 videant
1415 859 1618 893 necesse

109 928 218 974 est:
254 924 446 974 socium
482 941 659 974 cavere
699 923 792 989 qui
835 925 1139 989 possumus?
1183 940 1338 987 quem
1376 923 1534 972 etiam
1569 922 1616 973 si

110 1004 401 1062 metuimus,
420 1005 502 1053 ius
525 1003 676 1054 officii
696 1003 962 1053 laedimus.
1031 1004 1189 1053 Recte
1211 1002 1377 1068 igitur
1400 1003 1615 1052 maiores

110 1099 239 1142 eum,
285 1084 376 1148 qui
421 1083 614 1133 socium
659 1083 944 1141 fefellisset,
991 1083 1049 1131 in
1093 1082 1326 1132 virorum
1365 1083 1615 1132 bonorum

109 1179 320 1212 numero
349 1180 453 1213 non
481 1168 734 1228 putarunt
766 1164 947 1212 haberi
982 1168 1231 1228 oportere.
1300 1163 1375 1212 At
1400 1180 1523 1212 vero
1555 1163 1615 1212 Τ.
1639 1163 1727 1214 117

109 1241 322 1292 Roscius
354 1260 458 1292 non
490 1260 652 1292 unum
691 1244 767 1292 rei
807 1243 1135 1308 pecuniariae
1175 1243 1370 1292 socium
1405 1243 1612 1302 fefellit,

110 1322 247 1386 quod
280 1323 488 1373 tametsi
524 1339 681 1388 grave
719 1328 813 1382 est,
855 1327 1032 1372 tamen
1072 1322 1247 1387 aliquo
1283 1323 1433 1372 modo
1469 1338 1615 1388 posse

109 1402 235 1452 ferri
266 1403 489 1463 videtur,
512 1420 692 1453 verum
722 1420 908 1452 novem
942 1403 1178 1452 homines
1212 1402 1614 1464 honestissimos,

109 1481 334 1531 eiusdem
355 1483 598 1544 muneris,
625 1483 948 1548 [legationis]
974 1483 1128 1532 officii
1150 1483 1615 1547 mandatorumque

107 1561 281 1621 socios,
326 1562 552 1624 induxit,
598 1563 814 1628 decepit,
855 1563 1115 1622 destituit,
1157 1563 1471 1613 adversariis
1510 1568 1614 1614 tra-

108 1643 259 1703 didit,
292 1644 430 1694 omni
462 1645 642 1695 fraude
674 1650 727 1695 et
757 1645 975 1710 perfidia
1007 1645 1212 1695 fefellit.
1282 1645 1385 1704 Qui
1412 1645 1476 1695 de
1502 1645 1617 1696 eius

108 1725 295 1774 scelere
353 1725 606 1790 suspicari
661 1725 799 1774 nihil
855 1730 1155 1790 potuerunt,
1213 1726 1406 1775 socium
1463 1727 1615 1776 officii

108 1810 333 1855 metuere
377 1822 479 1853 non
524 1805 826 1863 debuerunt,
868 1805 978 1854 eius
1022 1805 1279 1855 malitiam
1324 1823 1428 1855 non
1473 1807 1615 1857 vide-

107 1890 247 1943 runt,
283 1885 504 1935 orationi
540 1902 703 1934 vanae
735 1886 1078 1935 crediderunt.
1146 1887 1331 1951 Itaque
1361 1904 1500 1938 nunc
1532 1888 1614 1937 illi

109 1964 342 2015 homines
374 1965 723 2015 honestissimi
756 1971 966 2031 propter
995 1966 1149 2016 istius
1178 1966 1397 2016 insidias
1430 1983 1614 2032 parum

109 2049 362 2110 putantur
406 2045 545 2094 cauti
589 2046 900 2111 providique
945 2045 1130 2095 fuisse:
1180 2046 1293 2105 iste,
1332 2046 1424 2111 qui
1458 2046 1616 2096 initio

112 2125 347 2189 proditor
386 2125 504 2184 fuit,
540 2126 725 2176 deinde
758 2127 993 2192 perfuga,
1030 2127 1123 2191 qui
1163 2127 1331 2192 primo
1364 2127 1615 2178 sociorum

111 2204 329 2254 consilia
374 2205 682 2255 adversariis
727 2206 1040 2266 enuntiavit,
1087 2207 1274 2257 deinde
1319 2207 1614 2260 societatem

108 2299 223 2332 cum
279 2284 406 2349 ipsis
458 2285 766 2335 adversariis
822 2286 962 2345 coiit,
1009 2291 1171 2336 terret
1216 2287 1373 2336 etiam
1417 2305 1509 2337 nos
1554 2304 1614 2338 ac

108 2362 353 2423 minatur,
388 2363 559 2413 tribus
593 2365 829 2429 praediis,
866 2365 963 2416 hoc
998 2371 1077 2415 est
1113 2366 1356 2431 praemiis
1396 2367 1612 2426 sceleris,

113 2447 334 2493 ornatus.
404 2445 469 2493 In
492 2446 602 2494 eius
630 2446 769 2496 modi
798 2447 925 2505 vita,
950 2446 1158 2508 iudices,
1181 2447 1239 2495 in
1273 2447 1357 2497 his
1383 2453 1468 2507 tot
1499 2453 1613 2497 tan-

109 2521 279 2585 tisque
323 2523 544 2589 flagitiis
599 2524 695 2574 hoc
751 2543 952 2591 quoque
1008 2527 1333 2587 maleficium,
1392 2529 1454 2579 de
1510 2545 1612 2594 quo

109 2601 357 2652 iudicium
425 2609 517 2663 est,
575 2605 854 2670 reperietis.
946 2606 1156 2656 Etenim
1224 2623 1467 2672 quaerere
1534 2608 1612 2658 ita
1635 2613 1726 2661 118

110 2682 333 2732 debetis:
370 2683 461 2733 ubi
507 2684 674 2734 multa
719 2701 884 2746 avare,
932 2687 1098 2736 multa
1143 2687 1399 2747 audacter,
1446 2688 1612 2737 multa
