1832 2970
582 77 671 111 Pno
704 76 866 112 Rosc1o
900 75 1136 111 AMERmo.
1572 69 1600 115 7

100 194 273 246 sedere
299 193 355 243 in
385 196 735 243 accusatorum
767 191 1028 240 subselliis
1060 192 1223 250 vide0‚
1249 192 1469 241 alterum
1501 193 1603 242 tria

100 274 312 323 huiusce
334 271 540 338 praedia
563 271 821 336 possidere
852 271 1031 319 audio:
1069 288 1196 335 quas
1226 271 1526 321 inimicitias
1560 271 1604 319 si

101 359 208 403 tam
231 368 406 403 cavere
429 351 696 416 potuisset,
713 368 868 415 quam
892 356 1119 400 metuere
1142 352 1353 411 solebat,
1372 352 1602 410 viveret3

100 449 266 498 neque
310 431 461 491 enim,
504 431 714 489 iudices,
755 430 949 479 iniuria
993 431 1268 480 metuebat.
1338 433 1471 481 Nam
1503 433 1604 481 duo

100 513 190 563 isti
223 517 346 562 sunt
377 513 436 560 T.
467 511 923 575 Roscii—quorum
958 512 1109 560 alteri
1145 512 1386 577 Capitoni
1422 532 1604 578 cogno—

100 610 216 642 men
255 597 348 651 est,
383 592 483 642 iste
522 593 614 657 qui
649 592 794 643 adest
834 593 1058 657 Magnus
1091 594 1604 643 vocatur—homines

98 672 252 721 huius
291 672 457 721 modi:
493 673 626 722 alter
663 672 1003 737 plurimarum
1038 673 1326 737 palmarum
1360 678 1512 723 vetus
1546 691 1603 723 ac

98 753 286 802 nobilis
327 753 584 818 gladiator
628 753 864 811 habetur,
904 753 991 801 hic
1031 758 1205 802 autem
1240 770 1406 818 nuper
1446 771 1498 802 se
1539 755 1603 802 ad

98 850 215 883 eum
259 833 502 882 lanistam
541 833 778 890 contulit,
817 833 1009 897 quique
1049 838 1170 881 ante
1201 833 1334 881 hanc
1373 850 1603 898 pugnam

99 913 199 962 tiro
222 919 369 972 esset,
386 914 523 978 quod
540 914 711 972 sciam,
731 913 882 962 facile
899 913 1072 977 ipsum
1090 913 1400 977 magistrum
1417 913 1603 962 scelere

98 994 410 1058 audaciaque
433 993 709 1059 superavit.

174 1075 297 1125 VII.
335 1075 468 1124 Nam
492 1091 609 1122 cum
631 1074 718 1122 hic
742 1073 929 1123 Sextus
953 1073 1164 1122 Roscius
1190 1078 1323 1122 esset
1347 1074 1601 1132 Ameriae,

99 1154 251 1202 Titus
297 1158 471 1202 autem
507 1154 606 1202 iste
645 1153 857 1202 Roscius
897 1153 1100 1212 Romae,
1141 1170 1256 1201 cum
1292 1153 1379 1201 hic
1415 1154 1601 1219 [filius]

98 1234 336 1282 assiduus
358 1234 414 1281 in
438 1233 662 1298 praediis
678 1238 811 1282 esset
827 1249 1044 1296 cumque
1069 1249 1122 1280 se
1145 1233 1418 1281 voluntate
1433 1234 1600 1297 patris

98 1312 173 1361 rei
204 1313 451 1362 familiari
481 1313 724 1377 vitaeque
756 1312 982 1361 rusticae
1023 1313 1260 1370 dedisset,
1289 1313 1388 1361 iste
1428 1318 1601 1361 autem

98 1393 340 1456 frequens
357 1394 547 1443 Romae
570 1397 718 1452 esset,
738 1392 991 1442 occiditur
1004 1393 1070 1440 ad
1083 1392 1293 1441 balneas
1309 1393 1601 1443 Pallacinas

97 1473 298 1522 rediens
329 1491 360 1522 a
388 1490 512 1522 cena
537 1473 652 1523 Sex.
676 1473 903 1522 Roscius.
974 1472 1132 1537 Spero
1155 1489 1219 1521 ex
1243 1473 1339 1521 1100
1361 1473 1473 1538 ipso
1497 1491 1601 1522 non

1628 1072 1685 1118 18

87 1568 205 1602 0880
228 1553 514 1612 obscurum,
539 1553 604 1601 ad
627 1569 780 1617 quem
804 1552 1028 1617 suspicio
1051 1552 1292 1600 maleficii
1310 1554 1598 1617 pertineat:
1669 1596 1671 1599 .

96 1647 277 1679 verum
321 1630 390 1688 id,
438 1630 577 1694 quod
616 1630 786 1679 adhuc
826 1635 905 1678 est
944 1629 1298 1694 suspiciosum,
1337 1630 1441 1679 nisi
1487 1647 1600 1695 per-

97 1711 332 1776 spicuum
354 1728 435 1760 res
469 1711 583 1776 ipsa
606 1711 801 1769 fecerit,
837 1711 977 1758 1111110
1011 1710 1234 1758 adfinem
1258 1710 1436 1774 culpae
1467 1711 1600 1759 iudi-

97 1796 281 1841 catote.
351 1791 527 1841 Occiso
551 1791 663 1841 Sex.
688 1791 867 1839 Roscio
890 1790 1091 1859 primus
1106 1789 1367 1838 Ameriam
1390 1791 1601 1840 nuntiat
1622 1799 1678 1845 19

99 1872 311 1921 Mallius
349 1871 584 1922 Glaucia·
607 1871 833 1934 quidam,
880 1871 1031 1919 homo
1068 1870 1257 1929 tenuis,
1305 1870 1598 1930 libertinus,

99 1951 260 2001 cliens
305 1956 358 1999 et
392 1950 664 1998 familiaris
699 1950 853 1999 istius
908 1950 1018 1998 Titi
1066 1950 1251 2009 Roscii,
1288 1954 1341 1999 et
1388 1951 1602 2000 nuntiat

99 2031 306 2080 domum
319 2047 424 2079 non
441 2029 555 2088 filii,
572 2031 660 2078 sed
676 2031 735 2078 T.
758 2029 1025 2094 Capitonis
1041 2029 1240 2079 inimici
1257 2050 1270 2088 ;
1287 2034 1340 2079 et
1354 2047 1470 2079 cum
1485 2036 1602 2096 post

99 2111 278 2160 horam
311 2111 531 2175 primam
567 2110 734 2160 noctis
768 2110 961 2159 occisus
992 2114 1139 2168 esset,
1175 2110 1342 2174 primo
1373 2110 1602 2159 diluculo

98 2192 317 2240 nuntius
340 2190 427 2240 hic
450 2191 707 2242 Ameriam
727 2191 889 2239 venit.
957 2191 1144 2240 Decem
1166 2190 1308 2239 horis
1330 2191 1599 2240 nocturnis

100 2289 190 2322 sex
213 2276 266 2322 et
289 2271 671 2336 quinquaginta
692 2271 840 2319 milia
862 2287 1107 2336 passuum
1132 2271 1270 2319 cisiis
1293 2271 1599 2335 pervolavit,

100 2368 203 2401 non
247 2352 396 2400 modo
429 2355 491 2398 ut
525 2355 824 2415 exoptatum
863 2351 1075 2400 inimico
1109 2351 1357 2398 nuntium
1403 2351 1600 2414 primus

102 2432 341 2490 adferret,
366 2431 454 2480 sed
477 2430 635 2479 etiam
667 2447 897 2479 cruorem
937 2431 1137 2479 inimici
1170 2447 1324 2494 quam
1359 2429 1601 2478 recentis-

101 2513 290 2564 simum
333 2513 598 2576 telumque
643 2512 797 2576 paulo
831 2517 951 2560 ante
986 2529 1014 2560 e
1049 2528 1256 2576 corpore
1313 2515 1600 2559 extractum

101 2594 407 2643 ostenderet.
478 2591 788 2651 Quadriduo,
815 2608 916 2655 quo
939 2592 1064 2640 haec
1090 2595 1236 2655 gesta
1260 2594 1396 2648 sunt,
1421 2606 1502 2638 res
1537 2590 1600 2638 ad
1624 2597 1682 2648 20

102 2674 494 2740 Chrysogonum
528 2673 585 2721 in
620 2677 785 2721 castra
818 2673 877 2722 L.
914 2672 1087 2721 Sullae
1122 2671 1417 2722 Volaterras
1441 2671 1602 2719 defer·
