1832 2970
106 87 166 132 12
578 99 663 134 PRO
697 99 856 134 Roscio
890 100 1125 135 AMERmo.

104 228 254 261 causa
272 216 460 260 temere
476 212 727 276 impulsus
743 212 1087 262 adulescentia
1105 214 1308 262 fecerim
1325 232 1335 261 2
1352 212 1593 276 quoniam

107 291 312 354 quidem
338 292 492 340 semel
529 292 742 355 suscepi,
768 292 890 339 licet
912 280 1144 341 hercules
1168 293 1394 356 undique
1422 307 1593 340 omnes

103 370 405 419 immineant
436 376 652 419 terrores
690 371 1016 435 periculaque
1050 372 1380 436 impendeant
1407 371 1593 427 omnia,

104 467 394 498 succurram
428 456 581 514 atque
615 452 810 499 subibo.
881 451 1090 501 Certum
1124 458 1202 501 est
1236 453 1596 500 deliberatum-

107 547 220 593 que,
245 547 375 593 quae
406 531 470 578 ad
505 547 705 579 causam
743 531 996 595 pertinere
1030 533 1264 591 arbitror,
1289 532 1458 580 omnia
1492 548 1592 579 non

108 610 254 657 modo
277 610 456 667 dicere,
494 627 672 658 verum
697 611 852 658 etiam
883 610 1124 668 libenter,
1149 611 1391 658 audacter
1415 611 1596 658 libere-

107 702 206 748 que
224 686 405 734 dicere.
441 686 599 735 Nulla
621 703 701 734 res
719 691 865 734 tanta
883 687 1111 743 exsistet,
1137 687 1344 744 iudices,
1360 692 1421 734 ut
1436 687 1596 750 possit

106 764 214 812 vim
258 765 387 813 mihi
442 766 681 813 maiorem
727 766 967 825 adhibere
1023 771 1190 814 metus
1246 782 1400 829 quam
1455 766 1595 814 fides.

20 854 80 901 32
104 846 312 894 Etenim
347 847 462 910 quis
498 851 605 894 tam
630 847 877 895 dissoluto
900 847 1068 895 animo
1091 852 1183 905 est,
1208 848 1299 910 qui
1333 848 1458 895 haec
1482 864 1596 895 cum

104 925 291 983 videat,
317 931 482 974 tacere
523 942 580 973 ac
603 925 873 989 neglegere
910 926 1104 989 possit?
1173 925 1378 973 Patrem
1412 942 1598 984 meum,

104 1020 220 1051 cum
242 1005 556 1068 proscriptus
595 1021 698 1052 non
744 1009 889 1062 esset,
937 1004 1230 1068 iugulastis,
1278 1004 1497 1052 occisum
1541 1005 1598 1052 in

103 1083 505 1147 proscriptorum
546 1100 816 1131 numerum
855 1083 1149 1140 rettulistiS,
1185 1099 1268 1131 me
1307 1084 1454 1131 domo
1488 1100 1601 1132 mea

104 1179 195 1225 per
232 1162 341 1210 vim
371 1163 653 1226 expulistiS,
696 1163 1063 1226 patrimonium
1100 1179 1271 1210 meum
1312 1163 1597 1226 possidetis.

103 1241 238 1299 Quid
260 1242 421 1290 vultis
444 1242 699 1306 amplius?
732 1242 950 1290 etiamne
974 1242 1039 1289 ad
1062 1241 1304 1289 subsellia
1327 1258 1442 1289 cum
1467 1243 1598 1291 ferro

104 1324 258 1383 atque
295 1321 414 1369 telis
451 1321 682 1379 venistis,
715 1325 775 1368 ut
815 1321 900 1368 hic
939 1325 1030 1368 aut
1066 1320 1313 1384 iuguletis
1349 1326 1439 1368 aut
1485 1337 1599 1369 con-

104 1400 388 1448 demnetis?

18 1483 79 1532 33
171 1480 299 1528 XII.
336 1481 611 1530 Hominem
634 1481 786 1544 longe
810 1481 1206 1529 audacissimum
1230 1499 1397 1546 nuper
1418 1482 1599 1530 habui-

106 1575 219 1608 mus
258 1560 314 1607 in
338 1560 550 1609 civitate
591 1560 645 1610 O.
681 1560 962 1608 Fimbriam
997 1565 1063 1618 et,
1090 1562 1224 1624 quod
1259 1562 1398 1610 inter
1427 1579 1600 1610 omnes

106 1644 320 1698 constat,
357 1640 459 1688 nisi
498 1640 635 1688 inter
670 1656 768 1697 eos,
807 1640 898 1703 qui
929 1640 1031 1704 ipsi
1067 1657 1266 1704 quoque
1312 1641 1597 1698 insaniunt,

103 1719 498 1768 insanissimum.
568 1719 622 1767 Is
653 1736 769 1767 cum
801 1725 1022 1768 curasset
1045 1721 1101 1767 in
1134 1721 1312 1768 funere
1348 1720 1402 1770 C.
1429 1722 1596 1775 Marii,

103 1804 163 1847 ut
197 1799 254 1858 Q.
291 1799 529 1848 Scaevola
562 1799 933 1855 vulneraretur,
958 1799 1042 1845 vir
1075 1800 1420 1847 sanctissimus
1444 1806 1599 1863 atque

103 1878 453 1927 ornatissimus
475 1883 678 1926 nostrae
713 1878 958 1936 civitatiS,
985 1879 1046 1926 de
1081 1879 1224 1926 cuius
1259 1879 1409 1927 laude
1432 1896 1600 1942 neque

102 1958 189 2006 hic
220 1957 359 2006 Iocus
393 1962 472 2006 est
494 1962 554 2005 ut
584 1958 751 2006 multa
782 1958 1036 2017 dicantur,
1060 1975 1228 2022 neque
1251 1959 1403 2024 plura
1427 1966 1598 2007 tamen

101 2038 204 2086 dici
259 2042 486 2101 possunt,
545 2054 699 2101 quam
755 2038 973 2102 populus
1030 2038 1289 2087 Romanus
1358 2041 1600 2088 memoria

102 2117 303 2174 retinet,
329 2117 465 2164 diem
502 2117 770 2166 Scaevolae
808 2117 958 2175 dixit,
1001 2123 1330 2182 posteaquam
1353 2120 1600 2184 comperit

101 2213 219 2245 eum
257 2212 401 2260 posse
446 2195 634 2244 vivere.
705 2195 834 2245 Cum
873 2198 938 2244 ab
985 2213 1042 2245 eo
1089 2204 1432 2260 quaereretur,
1471 2199 1599 2262 quid

103 2276 310 2325 tandem
349 2280 676 2324 accusaturus
713 2280 845 2323 esset
871 2292 1003 2333 eum,
1038 2293 1190 2340 quem
1213 2295 1306 2342 pro
1339 2279 1598 2342 dignitate

102 2373 167 2404 ne
189 2357 396 2404 laudare
430 2355 636 2419 quidem
670 2355 939 2418 quisquam
973 2357 1099 2404 satis
1123 2358 1378 2406 commode
1412 2363 1594 2421 posset,

103 2436 251 2484 aiunt
290 2435 560 2492 hominem,
585 2439 645 2482 ut
677 2440 787 2482 erat
827 2435 1061 2494 furiosus,
1091 2437 1424 2501 respondisse,
1461 2439 1598 2500 quod

102 2532 205 2563 non
228 2520 396 2563 totum
430 2515 593 2563 telum
634 2530 839 2578 corpore
873 2516 1162 2580 recepisset.
1233 2517 1343 2575 Quo
1377 2518 1598 2581 populus

103 2596 360 2643 Romanus
397 2594 533 2642 nihil
576 2594 711 2642 vidit
756 2594 1023 2658 indignius
1064 2597 1166 2644 nisi
1223 2597 1449 2645 eiusdem
1493 2597 1598 2645 viri

102 2680 329 2733 mortem,
372 2692 499 2738 quae
524 2680 728 2723 tantum
764 2675 948 2739 potuit,
985 2680 1044 2724 ut
1076 2693 1248 2725 omnes
1271 2677 1406 2726 cives
1434 2677 1595 2742 perdi-
