1832 2970
588 94 676 142 Psso
712 94 872 130 Rosolo
907 93 1144 128 AMEmNo.
1545 83 1606 129 41

111 213 203 263 illo
235 215 431 278 partem
461 225 604 260 suam
636 209 902 274 depacisci,
934 208 1072 258 hisce
1107 208 1282 273 aliqua
1315 208 1436 257 ficta
1469 223 1610 257 mora

112 309 310 359 semper
339 306 511 342 omnes
534 290 706 339 aditus
740 290 805 338 ad
835 289 1032 339 Sullam
1064 288 1425 338 intercludere„
1493 287 1612 337 Pos-

111 379 272 423 tremo
294 371 392 421 isto
414 371 691 427 hortatore,
716 374 936 429 auctore,
969 370 1301 418 intercessore
1325 369 1390 418 ad
1414 368 1612 420 Sullam

111 453 271 518 legati
305 467 409 501 non
445 450 686 499 adierunt
702 470 715 509 ς
763 450 916 499 istius
953 450 1052 499 fide
1089 466 1148 498 ac
1184 450 1357 514 potius
1397 450 1613 514 perfidia

111 531 321 597 decepti,
367 530 422 580 id
467 531 604 595 quod
647 547 711 579 ex
755 530 882 594 ipsis
928 545 1228 594 cognoscere
1274 529 1527 594 poteritis,
1567 529 1613 580 si

110 619 368 663 accusator
404 612 628 662 voluerit
662 611 1018 661 testimonium
1053 610 1128 659 eis
1163 610 1483 669 denuntiare,
1519 626 1613 675 pro

108 710 162 742 re
201 698 339 743 certa
372 709 514 757 spem
549 692 732 740 falsam
766 692 973 740 domum
1007 690 1340 739 rettulerunt.
1409 689 1474 737 In
1508 690 1613 754 pri-
1636 691 1719 742 111

108 773 244 822 vatis
277 773 429 822 rebus
465 773 509 822 si
549 771 640 836 qui
676 789 783 820 rem
819 771 1114 820 mandatam
1148 787 1253 819 non
1287 769 1435 818 modo
1468 769 1614 818 mali-

108 853 290 903 tiosius
335 852 574 917 gessisset
618 851 699 901 sui
745 855 988 916 quaestus
1029 855 1122 898 aut
1161 848 1411 899 commodi
1448 864 1614 909 causa,

108 950 288 982 verum
332 931 489 981 etiam
527 931 905 996 neglegentius,
948 946 1065 979 eum
1104 929 1320 978 maiores
1357 945 1613 977 summum

109 1012 370 1061 admisisse
414 1011 630 1059 dedecus
675 1009 1058 1059 existimabant.
1150 1010 1337 1072 Itaque
1382 1008 1614 1056 mandati

110 1091 448 1140 constitutum
485 1095 563 1139 est
600 1090 863 1149 iudicium,
901 1105 1005 1137 non
1042 1088 1215 1136 minus
1260 1093 1414 1152 turpe
1459 1104 1614 1151 quam

110 1171 252 1230 furti,
289 1170 436 1219 credo
480 1174 749 1235 propterea
794 1169 944 1233 quod,
986 1168 1175 1232 quibus
1220 1167 1276 1215 in
1321 1167 1474 1215 rebus
1513 1166 1615 1231 ipsi

109 1250 352 1298 interesse
374 1266 478 1298 non
501 1265 783 1314 possumus,
808 1249 864 1295 in
889 1248 954 1296 iis
979 1264 1161 1311 operae
1191 1251 1397 1295 nostrae
1420 1246 1614 1294 vicaria

109 1329 234 1378 fides
257 1329 534 1378 amicorum
557 1327 881 1392 supponitur,
908 1344 1063 1391 quam
1098 1326 1190 1391 qui
1216 1325 1391 1385 laedit,
1418 1342 1614 1390 oppug-

109 1412 202 1456 nat
246 1407 473 1456 omnium
509 1422 774 1455 commune
810 1405 1122 1470 praesidium
1163 1409 1230 1463 et,
1269 1409 1522 1468 quantum
1557 1405 1614 1453 in

108 1487 220 1551 ipso
277 1491 370 1546 est,
422 1486 684 1535 disturbat
728 1485 870 1533 vitae
921 1485 1230 1534 societatem.
1313 1484 1430 1534 Non
1476 1484 1614 1532 enim

108 1583 374 1632 possumus
405 1566 578 1616 omnia
612 1582 704 1630 per
731 1582 824 1614 nos
862 1582 1014 1630 agere
1030 1586 1042 1624 ;
1079 1565 1213 1614 alius
1243 1565 1300 1614 in
1331 1565 1434 1614 alia
1457 1569 1536 1614 est
1558 1581 1614 1613 re

107 1648 272 1716 magis
317 1647 478 1696 utilis.
570 1646 767 1695 Idcirco
820 1646 1077 1694 amicitiae
1128 1650 1504 1710 comparantur,
1551 1649 1613 1693 ut

107 1743 372 1776 commune
425 1726 743 1776 commodum
799 1726 997 1775 mutuis
1050 1726 1226 1775 officiis
1280 1726 1610 1790 gubernetur.

109 1807 244 1865 Quid
278 1806 462 1871 recipis
495 1806 813 1864 mandatum,
851 1806 897 1855 si
930 1810 1022 1854 aut
1055 1806 1387 1870 neglecturus
1421 1805 1612 1855 autad
1636 1800 1724 1849 112

107 1892 257 1935 tuum
281 1886 598 1935 commodum
622 1901 962 1934 conversurus
983 1887 1070 1935 es?
1104 1902 1194 1934 cur
1221 1884 1352 1934 mihi
1379 1890 1432 1934 te
1462 1885 1612 1934 offers

108 1985 166 2017 ac
195 1968 322 2016 meis
356 1968 628 2017 commodis
662 1967 822 2016 officio
855 1967 1097 2016 simulato
1131 1967 1285 2017 officis
1320 1972 1372 2016 et
1406 1967 1613 2017 obstas?

108 2049 283 2097 recede
323 2048 387 2097 de
426 2048 619 2096 medio:
666 2064 758 2112 per
804 2047 964 2096 alium
1010 2047 1313 2113 transigam.
1384 2047 1611 2113 Suscipis

106 2147 234 2178 onus
273 2129 437 2187 officii,
478 2129 614 2192 quod
658 2133 710 2177 te
755 2133 908 2193 putas
954 2129 1206 2178 sustinere
1253 2145 1426 2194 posse:
1474 2129 1612 2193 quod

110 2211 317 2259 minime
354 2210 561 2257 videtur
607 2226 764 2273 grave
810 2209 889 2267 iis,
927 2210 1019 2274 qui
1063 2210 1275 2258 minime
1324 2209 1427 2274 ipsi
1471 2209 1612 2259 leves

105 2295 243 2340 sunt.
312 2290 573 2339 XXXIX.
609 2290 749 2354 Ergo
776 2290 964 2340 idcirco
987 2290 1157 2355 turpis
1187 2290 1313 2339 haec
1340 2291 1492 2355 culpa
1515 2296 1608 2350 est,

106 2371 241 2434 quod
293 2370 420 2418 duas
472 2386 552 2418 res
604 2370 948 2419 sanctissimas
1001 2370 1181 2428 violat,
1229 2370 1511 2419 amicitiam
1555 2381 1609 2420 et

108 2451 287 2499 fidem:
323 2466 444 2499 nam
465 2466 631 2514 neque
654 2451 863 2499 mandat
881 2451 1153 2515 quisquam
1177 2451 1281 2499 fere
1304 2450 1407 2499 nisi
1431 2451 1608 2511 amico,

107 2546 270 2594 neque
297 2530 460 2580 credit
486 2529 589 2577 nisi
616 2530 677 2588 ei,
711 2547 862 2594 quem
891 2531 1092 2579 fidelem
1125 2535 1291 2595 putat.
1364 2530 1608 2580 Perditis-

106 2610 223 2660 simi
257 2614 334 2658 est
367 2610 533 2674 igitur
565 2610 802 2670 hominis,
840 2611 994 2661 simul
1029 2615 1081 2660 et
1115 2610 1396 2659 amicitiam
1431 2612 1608 2661 dissol-

111 2707 224 2740 vere
248 2694 299 2739 et
323 2690 502 2739 fallere
531 2706 661 2749 eum,
687 2691 776 2755 qui
805 2691 972 2741 laesus
1003 2708 1107 2740 non
1140 2696 1285 2750 esset,
1310 2691 1414 2741 nisi
1446 2693 1603 2741 eredi-
