1832 2970
259 117 322 165 38
719 132 807 166 PRO
841 131 1000 166 Roscm
1034 132 1269 167 mmmm.

261 261 291 293 o
315 244 627 310 gravitatem
657 245 868 310 dignam
891 246 1292 310 exspectatione!
1332 263 1361 295 o
1388 247 1552 295 vitam
1577 245 1753 298 hones-

259 328 368 373 tam
400 329 554 388 atque
586 325 696 374 eius
732 324 885 383 modi,
909 329 971 373 ut
1003 324 1287 374 libentibus
1323 326 1509 375 animis
1544 327 1605 375 ad
1645 328 1754 377 eius

257 403 609 453 testimonium
643 409 873 453 vestrum
912 400 995 453 ius
1033 405 1307 454 iurandum
1345 407 1752 457 accommodetis!

256 482 490 532 Profecto
528 500 631 532 non
670 489 777 532 tam
817 484 1082 548 perspicue
1120 501 1212 533 nos
1250 485 1468 534 istorum
1507 486 1754 535 maleficia

257 563 562 623 videremus,
602 563 706 612 nisi
741 564 879 628 ipsos
918 580 1087 613 caecos
1126 565 1362 614 redderet
1400 566 1658 630 cupiditas
1701 571 1754 615 et

255 643 476 692 avaritia
498 648 552 692 et
574 644 798 692 audacia.

144 723 234 771 102
322 722 577 774 XXXVI.
636 723 786 772 Alter
821 740 885 772 ex
920 723 1033 788 ipsa
1056 725 1205 773 caede
1228 725 1485 773 volucrem
1507 725 1753 773 nuntium

256 802 516 851 Ameriam
552 803 617 850 ad
655 802 847 851 socium
883 807 1038 866 atque
1074 804 1382 867 magistrum
1414 821 1562 853 suum
1592 805 1753 862 misit,

255 887 330 942 ut,
356 883 400 931 si
425 882 747 931 dissimulare
770 899 944 931 omnes
971 889 1215 947 cuperent
1246 901 1297 932 se
1334 884 1475 942 scire,
1500 885 1566 933 ad
1600 901 1752 948 quem

256 962 564 1011 maleficium
603 961 901 1026 pertineret,
949 966 1122 1010 tamen
1167 962 1274 1026 ipse
1319 967 1556 1026 apertum
1601 979 1751 1011 suum

257 1041 421 1090 scelus
457 1046 576 1089 ante
613 1041 842 1089 omnium
882 1041 1053 1089 oculos
1092 1046 1317 1105 poneret.
1387 1041 1550 1099 Alter,
1588 1041 1634 1090 si
1673 1042 1754 1090 dis

258 1120 635 1170 immortalibus
693 1121 876 1185 placet,
924 1121 1279 1169 testimonium
1331 1121 1489 1170 etiam
1532 1121 1590 1169 in
1636 1121 1750 1171 Sex.

256 1200 496 1250 Roscium
536 1200 768 1248 dicturus
805 1205 897 1259 est,
936 1200 1084 1263 quasi
1118 1216 1240 1249 vero
1278 1200 1334 1248 id
1371 1218 1511 1250 nunc
1547 1205 1751 1266 agatur,

255 1285 432 1328 utrum
454 1280 509 1329 id
532 1280 669 1343 quod
692 1280 884 1328 dixerit
908 1280 1228 1338 credendum,
1253 1297 1311 1329 ac
1332 1296 1436 1329 non
1459 1281 1594 1344 quod
1624 1281 1753 1329 fece-

256 1360 327 1409 rit
350 1360 717 1408 vindicandum
740 1360 822 1408 sit.
875 1361 960 1408 Ita
976 1376 1115 1409 more
1131 1361 1382 1408 maiorum
1404 1366 1751 1426 comparatum

256 1444 348 1498 est,
389 1444 451 1488 ut
489 1439 574 1488 vel
613 1440 670 1487 in
709 1439 938 1487 minimis
976 1439 1129 1487 rebus
1172 1439 1404 1488 homines
1449 1440 1751 1504 amplissimi

141 1526 230 1574 103
257 1519 610 1569 testimonium
634 1520 696 1568 de
720 1536 810 1567 sua
833 1536 888 1567 re
910 1535 1013 1567 non
1038 1519 1278 1568 dicerent.
1345 1520 1636 1580 Africanus,
1661 1520 1751 1583 qui

259 1615 352 1648 suo
387 1599 686 1664 cognomine
722 1599 946 1647 declarat
981 1600 1189 1648 tertiam
1212 1605 1411 1665 partem
1433 1602 1570 1650 orbis
1593 1607 1752 1651 terra-

261 1694 377 1726 rum
414 1695 466 1727 se
503 1679 780 1742 subegisse,
805 1683 994 1737 tamen,
1019 1679 1063 1726 si
1099 1696 1191 1728 sua
1225 1696 1306 1728 res
1328 1685 1582 1744 ageretur,
1606 1682 1750 1730 testi-

259 1757 487 1807 monium
510 1774 613 1806 non
637 1758 853 1815 diceret3
889 1775 1010 1806 nam
1031 1758 1162 1806 illud
1186 1759 1241 1806 in
1264 1759 1421 1807 talem
1444 1760 1615 1808 virum
1645 1777 1749 1809 non

256 1837 417 1885 audeo
457 1836 648 1885 dicere:
698 1836 743 1884 si
788 1836 991 1895 diceret,
1031 1853 1135 1884 non
1174 1839 1480 1886 crederetur.
1561 1839 1751 1888 Videte

257 1932 396 1965 nunc
432 1933 586 1981 quam
623 1933 769 1965 versa
799 1921 854 1965 et
874 1920 1075 1964 mutata
1097 1917 1153 1964 in
1177 1917 1398 1981 peiorem
1420 1923 1619 1983 partem
1642 1919 1749 1968 sint

257 1995 440 2044 omnia.
514 1995 644 2046 Cum
680 1996 742 2044 de
777 1996 924 2044 bonis
955 2001 1007 2044 et
1038 1996 1099 2045 de
1124 1997 1272 2045 caede
1296 2001 1496 2061 agatur,
1520 1998 1749 2046 testimo-

257 2075 403 2123 nium
426 2075 659 2123 dicturus
683 2079 761 2123 est
783 2074 842 2133 is,
868 2075 959 2138 qui
982 2080 1034 2123 et
1057 2081 1220 2124 sector
1238 2080 1315 2124 est
1332 2081 1385 2125 et
1402 2076 1628 2136 sicarius,
1651 2076 1749 2125 hoc

254 2160 346 2213 est,
371 2154 462 2219 qui
485 2160 536 2203 et
557 2154 765 2203 illorum
787 2154 1014 2219 ipsorum
1035 2155 1298 2214 bonorum,
1323 2156 1386 2204 de
1415 2156 1604 2220 quibus
1638 2157 1746 2220 agi-

257 2240 358 2294 tur,
399 2239 598 2299 emptor
637 2239 792 2298 atque
830 2251 1083 2299 possessor
1122 2240 1201 2283 est
1240 2240 1292 2284 et
1332 2252 1447 2284 eum
1486 2236 1745 2285 hominem

138 2313 231 2361 104
254 2314 582 2364 occidendum
606 2315 822 2374 curavit,
846 2316 907 2364 de
932 2316 1076 2364 cuius
1099 2320 1262 2364 morte
1280 2317 1558 2380 quaeritur.
1610 2316 1744 2374 Quid

255 2400 328 2455 tu,
370 2395 453 2444 vir
493 2395 718 2460 optime?
767 2395 949 2458 ecquid
1002 2396 1158 2444 habes
1211 2397 1347 2460 quod
1392 2396 1564 2444 dicas?
1613 2397 1743 2446 mihi

252 2475 511 2524 ausculta:
547 2474 665 2523 vide
704 2491 769 2523 ne
809 2475 907 2523 tibi
947 2475 1080 2524 desis
1096 2495 1108 2534 ;
1151 2480 1243 2523 tua
1279 2491 1481 2539 quoque
1516 2491 1597 2523 res
1631 2493 1743 2539 per·

250 2573 437 2621 magna
482 2555 669 2621 agitur.
751 2555 921 2604 Multa
967 2555 1220 2614 scelerate,
1261 2556 1427 2603 multa
1466 2557 1742 2615 audaciter,

250 2636 415 2685 multa
454 2625 682 2700 improbe
721 2635 916 2693 fecisti3
958 2653 1120 2683 unum
1162 2635 1477 2694 stultissime,
1515 2638 1742 2700 profecto

249 2720 342 2766 tua
367 2720 559 2781 sponte,
583 2731 686 2764 non
711 2715 772 2764 de
795 2714 972 2763 Erucii
997 2715 1278 2764 sententia:
1313 2715 1448 2764 nihil
1481 2733 1606 2781 opus
1638 2717 1738 2765 fuit
