1832 2970
196 89 263 135 44
657 102 745 137 mro
779 101 938 137 Roscm
971 101 1206 138 Aul-:mua

194 215 439 281 improbe,
474 215 640 264 multa
669 216 936 280 perfidiose
967 217 1103 266 facta
1133 216 1392 275 videbitis,
1423 216 1500 266 ibi
1526 218 1685 268 scelus

194 312 398 359 quoque
463 295 623 344 latere
690 295 827 344 inter
893 296 986 344 illa
1045 301 1126 346 tot
1180 298 1380 362 flagitia
1436 302 1686 362 putatote.

197 375 426 425 Tametsi
448 375 543 424 hoc
573 376 782 440 quidem
813 375 1024 424 minime
1053 376 1199 436 latet,
1224 378 1360 442 quod
1383 378 1460 426 ita
1486 394 1685 442 promp-

195 462 305 504 tum
345 461 398 505 et
437 456 753 521 propositum
793 461 885 515 est,
923 461 984 504 ut
1022 473 1126 505 non
1162 473 1226 506 ex
1262 458 1370 507 illis
1409 458 1686 516 maleficiis,

193 553 323 599 quae
345 536 402 584 in
426 536 518 585 1110
548 540 749 585 constat
778 553 899 595 esse,
924 535 1019 585 hoc
1046 536 1398 601 intellegatur,
1422 554 1600 587 verum
1623 554 1686 587 ex

193 614 287 663 hoc
310 615 481 674 etiam,
507 614 551 663 si
579 631 680 678 quo
711 616 773 663 de
804 615 1013 664 illorum
1044 616 1177 665 forte
1208 616 1548 676 dubitabitur,
1574 634 1683 666 con-

192 693 445 744 vincatur.
513 695 650 753 Quid
678 695 920 743 tandem?
954 712 1154 758 quaeso,
1186 695 1406 745 iudices:
1441 714 1566 746 num
1597 704 1684 746 aut

191 773 282 823 1110
318 774 508 824 lanista
538 775 744 823 omnino
777 775 880 823 iam
904 792 946 823 -a
980 776 1154 839 gladio
1187 776 1449 825 recessisse
1480 777 1687 827 videtur

191 858 284 902 aut
316 854 401 903 hic
437 854 719 920 discipulus
746 855 996 919 magistro
1029 856 1295 904 tantulum
1330 857 1393 904 de
1427 862 1538 905 arte
1573 874 1683 906 con·

191 931 399 983 cedere?
467 935 567 983 Par
589 940 667 984 est
690 935 925 993 avaritia,
951 935 1136 984 similis
1166 936 1487 1000 improbitas,
1512 938 1685 987 eadem

191 1013 528 1078 impudentia,
553 1014 757 1078 gemina
780 1014 1007 1063 audacia.

84 1103 168 1151 119
258 1093 400 1140 XLI.
435 1092 645 1141 Etenim
682 1092 926 1156 quoniam
956 1093 1110 1142 fidem
1139 1093 1376 1157 magistri
1413 1096 1686 1159 cognostis,

190 1171 480 1237 cognoscite
524 1188 662 1221 nunc
708 1171 950 1237 discipuli
1003 1173 1330 1236 aequitatem.
1416 1174 1541 1223 Dixi
1586 1175 1686 1223 iam

191 1256 356 1310 antea,
395 1267 544 1315 saepe
588 1267 799 1299 numero
835 1252 1120 1316 postulatos
1156 1269 1263 1302 esse
1303 1253 1368 1301 ab
1406 1253 1524 1302 istis
1563 1253 1688 1302 duos

191 1347 364 1380 servos
398 1330 455 1378 in
490 1330 870 1394 quaestionem:
907 1336 968 1379 tu
1002 1348 1214 1396 semper,
1251 1333 1311 1381 T.
1349 1333 1513 1391 Rosci,
1549 1350 1685 1382 recu-

191 1410 333 1461 sasti.
402 1409 601 1468 Quaero
633 1411 722 1458 abs
750 1414 828 1458 te:
864 1410 969 1458 11110
1001 1411 1092 1474 (1111
1120 1412 1452 1475 postulabant
1482 1412 1684 1477 indigni

191 1494 341 1540 erant
373 1489 466 1553 qui
498 1489 872 1554 impetrarent?
916 1506 984 1537 an
1016 1490 1062 1538 is
1095 1495 1148 1538 te
1182 1507 1287 1539 non
1321 1493 1686 1550 commovebat,

191 1586 284 1635 pro
314 1585 416 1633 quo
446 1569 813 1634 postulabant?
846 1586 914 1616 an
944 1586 1025 1618 res
1058 1569 1171 1634 ipsa
1202 1570 1302 1619 tibi
1335 1571 1516 1635 iniqua
1549 1572 1681 1620 vide·

191 1650 378 1698 batur?
466 1649 804 1697 Postulabant
870 1648 1103 1697 homines
1162 1649 1474 1699 nobilissimi
1530 1655 1686 1714 atque

191 1728 515 1793 integerrimi
546 1734 749 1777 nostrae
780 1729 1026 1787 civitatis,
1055 1746 1182 1793 quos
1211 1730 1315 1778 iam
1346 1735 1499 1780 antea
1528 1731 1683 1780 nomi-

191 1809 329 1867 navi,
368 1809 459 1872 qui
497 1809 574 1857 ita
609 1808 855 1857 vixerunt
891 1809 1122 1872 talesque
1157 1824 1189 1858 a
1227 1810 1415 1874 populo
1460 1810 1687 1860 Romano

191 1893 458 1953 putantur,
484 1892 545 1936 ut
575 1888 827 1951 quidquid
858 1888 1100 1948 dicerent,
1125 1905 1273 1937 nemo
1300 1893 1433 1937 esset
1463 1889 1554 1952 qui
1584 1906 1687 1938 non

191 1983 411 2031 aequum
456 1971 678 2031 putaret.
747 1967 1085 2016 Postulabant
1130 1973 1302 2016 autem
1347 1984 1440 2032 pro
1484 1968 1687 2018 homine

191 2046 474 2096 miserrimo
513 2051 668 2109 atque
705 2046 1070 2107 infelicissimo,
1103 2048 1195 2110 qui
1225 2047 1310 2096 vel
1343 2047 1453 2112 ipse
1488 2063 1596 2096 sese
1631 2047 1685 2095 in

192 2126 476 2175 cruciatum
501 2125 612 2173 dari
636 2131 855 2189 cuperet,
882 2126 1005 2174 dum
1027 2126 1089 2174 de
1111 2126 1274 2190 patris
1297 2131 1459 2175 morte
1482 2143 1686 2190 quaere·

192 2212 349 2256 retur.
418 2207 517 2254 Res
539 2221 688 2269 porro
715 2206 804 2253 abs
835 2210 887 2254 te
918 2206 1027 2255 eius
1057 2207 1195 2255 modi
1221 2206 1593 2270 postulabatur,
1625 2212 1686 2255 ut

193 2286 327 2334 nihil
360 2285 645 2341 interesset,
680 2289 858 2332 utrum
892 2302 1003 2333 eam
1037 2285 1189 2350 [rem]
1226 2301 1483 2334 recusares
1521 2301 1588 2333 an
1622 2286 1685 2334 de

81 2365 171 2414 120
193 2365 439 2414 maleficio
462 2364 770 2413 confiterere.
841 2364 980 2422 Quae
1004 2381 1119 2413 cum
1141 2366 1217 2413 ita
1240 2365 1359 2422 sint,
1385 2381 1571 2428 quaero
1594 2365 1685 2414 abs

193 2450 261 2503 te,
294 2462 448 2509 quam
476 2445 541 2493 ob
570 2460 772 2493 causam
803 2444 1064 2493 recusaris.
1135 2444 1264 2493 Cum
1291 2444 1538 2494 occiditur
1568 2445 1682 2494 Sex.

193 2525 418 2583 Roscius,
442 2524 634 2573 ibidem
665 2524 889 2573 fuerunt.
959 2524 1139 2573 Servos
1168 2524 1318 2588 ipsos,
1342 2524 1478 2587 quod
1508 2525 1573 2572 ad
1604 2541 1684 2574 me

190 2603 397 2663 attinet,
435 2621 602 2667 neque
647 2619 807 2667 arguo
846 2619 1012 2666 neque
1056 2620 1248 2667 purgo:
1296 2603 1432 2666 quod
1468 2619 1499 2652 a
1537 2604 1683 2653 vobis

191 2684 481 2748 oppugnari
515 2683 678 2742 video,
714 2700 778 2732 ne
811 2683 864 2731 in
901 2683 1250 2746 quaestionem
1283 2683 1485 2742 dentur,
1521 2683 1678 2748 suspi-
