1832 2970
681 68 770 104 PRO
804 68 964 103 Rosc10
998 68 1235 104 1118111110.
1637 59 1697 104 13

198 183 333 233 derit
368 188 421 234 et
455 183 741 233 adflixerit:
778 200 905 248 111108
929 184 1051 249 quia
1091 201 1292 234 servare
1331 201 1422 249 pcr
1456 185 1700 249 composi-

198 263 391 313 tionem
415 262 635 323 volebat,
662 263 771 327 ipse
796 262 861 311 ab
885 263 951 311 iis
987 264 1329 327 interemptus
1371 269 1463 313 cst.
1535 264 1698 313 Estne
1724 266 1784 317 34

199 343 295 393 hoc
333 342 414 391 illi
453 342 592 391 dicto
628 347 782 407 atque
829 343 967 391 facto
998 343 1300 391 Fimbriano
1335 343 1701 394 simillimum?

201 421 463 471 Acousatis
483 421 601 471 Sex.
627 421 881 471 Roscium.
942 422 1077 482 Quid
1100 422 1208 470 ita?
1231 424 1354 488 quia
1377 424 1439 472 de
1463 424 1700 475 manibus

200 502 384 552 vestris
408 502 611 566 effugit,
637 502 763 566 quia
791 519 843 551 80
868 503 1030 551 occidi
1052 519 1230 566 passus
1253 521 1357 551 non
1381 509 1475 552 est.
1545 503 1701 562 Illud,

200 582 323 646 quia
344 583 401 630 in
417 581 656 632 Scaevola
675 583 870 631 factum
889 587 978 640 est,
995 582 1160 646 magis
1174 582 1450 646 indignum
1463 583 1700 632 videtur:

198 664 308 723 hoo,
333 664 456 729 quia
477 665 540 712 fit
562 682 592 714 a
616 664 962 729 Chrysogono,
988 680 1116 712 num
1129 667 1208 711 est
1221 663 1520 711 ferendum?
1555 663 1702 721 Nam,

199 762 292 811 per
331 747 449 794 deos
488 745 819 803 immortales,
859 745 985 809 quid
1031 749 1110 793 est
1146 745 1202 791 in·
1236 743 1333 792 hac
1367 759 1532 801 causa,
1568 743 1705 807 quod

200 826 512 875 defensionis
562 825 835 890 indigeat?
873 824 965 889 qui
1000 824 1140 873 locus
1180 823 1451 887 ingenium
1497 823 1705 887 patroni

199 905 420 969 requirit
464 910 556 954 aut
625 904 844 954 oratoris
912 902 1254 968 eloquentiam
1311 919 1499 966 magno
1555 919 1706 968 opere

203 985 497 1034 desiderat?
530 984 716 1033 Totam
739 1000 959 1042 causam,
985 983 1195 1040 iudiceS,
1221 982 1536 1046 explicemus
1551 987 1706 1046 atque

204 1070 326 1115 ante
361 1065 532 1114 oculos
569 1064 855 1129 expositam
895 1062 1297 1111 consideremus:
1333 1061 1408 1109 ita
1445 1061 1704 1119 facillime,

204 1162 335 1210 quae
357 1162 438 1194 res
462 1149 630 1194 totum
653 1144 902 1192 iudicium
926 1143 1188 1192 contineat
1211 1146 1263 1190 et
1278 1141 1463 1205 quibus
1478 1142 1540 1189 de
1555 1143 1708 1190 rebus

203 1241 295 1273 nos
331 1224 498 1273 dicere
545 1227 778 1288 oporteat
823 1228 876 1272 et
921 1223 1048 1286 quid
1094 1238 1186 1270 vos
1232 1221 1376 1284 sequi
1415 1221 1704 1279 conveniat,

204 1303 537 1368 intellegetis.

270 1384 430 1433 XIII.
467 1384 594 1432 Tres
645 1387 768 1432 sunt
818 1399 915 1441 res,
963 1386 1219 1446 quantum
1270 1397 1365 1445 ego
1411 1381 1707 1430 existimare
1731 1379 1792 1427 35

207 1481 426 1529 possum,
451 1480 582 1528 quae
604 1464 811 1512 obstent
843 1463 941 1512 hoc
975 1467 1204 1526 tempore
1229 1461 1343 1511 Sex.
1368 1461 1576 1511 Roscio:
1613 1462 1708 1511 cri-

206 1561 324 1593 men
347 1543 753 1593 adversariorum
776 1547 829 1591 et
852 1542 1067 1591 audacia
1089 1546 1142 1590 et
1164 1541 1412 1606 potentia.
1465 1541 1709 1591 Criminis

208 1623 567 1673 confictionem
633 1623 856 1672 Erucius
926 1621 1168 1686 suscepit,
1227 1622 1469 1671 audaciae
1536 1627 1709 1686 partes

206 1703 380 1752 Roscii
419 1704 519 1752 sibi
555 1704 977 1768 depoposcerunt,
1018 1702 1388 1765 Chrysogonus
1440 1706 1627 1759 autem,
1664 1702 1709 1749 is

206 1784 298 1848 qui
337 1783 620 1848 plurimum
657 1787 842 1847 potest,
893 1781 1127 1846 potentia
1166 1786 1384 1845 pugnat.
1455 1782 1532 1829 De
1569 1781 1709 1830 hisce

209 1863 448 1912 omnibus
469 1863 623 1911 rebus
656 1878 737 1910 me
771 1862 939 1909 dicere
973 1865 1207 1925 oportere
1240 1861 1506 1925 intellego.
1575 1861 1708 1920 Quid
1731 1866 1793 1913 36

210 1943 377 2007 igitur
399 1945 511 1991 est?
577 1943 695 1992 Non
709 1943 884 1991 eodem
898 1943 1046 1991 modo
1070 1943 1133 1990 de
1157 1943 1410 2000 omnibus,
1437 1943 1552 1991 ideo
1574 1944 1709 2007 quod

210 2023 377 2088 prima
398 2023 493 2071 illa
515 2039 596 2071 res
619 2023 684 2070 ad
706 2039 876 2071 meum
890 2023 1109 2071 officium
1125 2022 1367 2086 pertinet,
1385 2023 1511 2070 duas
1535 2027 1709 2071 autem

211 2102 435 2167 reliquas
457 2103 603 2151 vobis
638 2103 858 2167 populus
893 2104 1153 2151 Romanus
1186 2103 1459 2167 imposuit:
1496 2120 1591 2168 ego
1615 2103 1709 2151 cri-

215 2199 330 2232 men
366 2187 566 2247 oportet
603 2183 812 2241 diluam,
860 2200 954 2232 vos
1006 2188 1058 2231 et
1104 2183 1345 2231 audaciae
1382 2183 1619 2232 resistere
1657 2190 1711 2233 et

210 2262 478 2311 hominum
501 2262 611 2311 eius
633 2263 770 2311 modi
793 2262 1131 2327 perniciosam
1154 2266 1314 2326 atque
1333 2262 1708 2310 intolerandam

211 2343 497 2408 potentiam
521 2343 686 2407 primo
710 2359 912 2407 quoque
935 2347 1164 2407 tempore
1199 2341 1530 2406 exstinguere
1553 2347 1710 2406 atque

211 2422 496 2487 opprimere
520 2422 731 2471 debetis.
1799 2483 1805 2489 ι

279 2502 535 2552 Occidisse
553 2507 750 2567 patrem
767 2503 882 2554 Sex.
898 2504 1110 2553 Roscius
1124 2503 1378 2568 arguitur.
1410 2502 1704 2561 Scelestum,
1729 2501 1791 2550 3¹7

213 2582 267 2631 di
290 2583 618 2642 immortales,
645 2600 703 2632 ac
725 2585 983 2633 nefarium
1006 2584 1207 2632 facinus
1231 2587 1386 2646 atque
1421 2582 1530 2631 01118
1553 2583 1705 2642 modi,

212 2663 347 2726 quod
382 2680 484 2712 uno
520 2663 771 2713 maleficio
802 2664 992 2714 scelera
1033 2663 1204 2712 omnia
1251 2662 1569 2727 complexum
1601 2680 1708 2713 0880
