1832 2970
595 69 684 104 meo
718 68 879 103 noscm
913 66 1151 102 nummo.
1554 52 1619 98 23

122 184 356 234 maleficii
380 183 551 239 fuerit,
581 182 635 230 id
659 181 880 230 Erucius
910 181 966 229 in
1000 179 1277 245 parricidio
1315 176 1492 242 quaeri
1519 193 1623 225 non

121 270 275 331 putat
302 268 545 330 oportere.
612 262 680 310 In
719 278 821 325 quo
861 261 1066 318 scelere,
1091 260 1303 317 iudices,
1328 258 1486 307 etiam
1508 273 1623 306 cum

123 346 315 395 multae
337 359 517 393 causae
540 342 839 391 convenisse
861 357 1023 389 unum
1045 339 1103 388 in
1129 340 1295 388 locum
1319 342 1474 401 atque
1489 337 1626 385 inter

123 443 176 476 se
199 439 476 489 congruere
516 422 777 481 videntur,
815 426 988 469 tamen
1025 436 1129 468 non
1167 423 1357 467 temere
1397 417 1624 467 creditur

124 521 287 569 neque
310 503 416 552 levi
439 502 729 551 coniectura
751 518 831 550 res
854 501 1101 565 penditur
1118 515 1284 563 neque
1299 498 1448 547 testis
1462 498 1625 546 incer-

123 591 209 634 tus
231 584 442 633 auditur
464 599 627 646 neque
650 580 959 630 accusatoris
991 579 1202 643 ingenio
1232 595 1314 627 res
1345 577 1624 626 iudicatur.

123 665 252 716 Cum
275 664 439 713 multa
462 667 615 712 antea
638 662 903 712 commissa
920 659 1187 716 maleficia,
1203 674 1321 707 cum
1337 657 1450 706 vita
1463 657 1626 706 homi-

123 744 204 792 nis
231 743 594 808 perditissima,
620 747 732 790 tum
769 739 1050 805 singularis
1089 737 1302 787 audacia
1329 737 1628 786 ostendatur

123 840 323 872 necesse
345 827 438 881 est,
463 839 628 886 neque
651 821 871 870 audacia
899 820 1089 880 solum,
1106 819 1196 869 sed
1227 834 1455 869 summus
1486 818 1629 866 furor

123 909 281 968 atque
303 903 542 952 amentia.
590 902 732 951 Haec
754 918 868 951 cum
893 901 1001 950 sint
1025 900 1209 960 omnia,
1226 905 1400 948 tamen
1423 903 1628 948 exstent

124 988 327 1048 oportet
355 1000 592 1048 expressa
627 982 833 1032 sceleris
861 982 1108 1046 vestigia,-
1136 981 1242 1040 ubi,
1277 997 1378 1045 qua
1410 979 1626 1037 ratione,

125 1080 216 1127 per
255 1079 396 1126 quos,
443 1080 544 1127 quo
588 1068 818 1127 tempore
864 1061 1169 1111 maleficium
1216 1061 1286 1109 sit
1332 1060 1626 1108 admissum.

116 1144 265 1202 Quae
286 1143 391 1192 nisi
413 1144 577 1192 multa
600 1149 654 1192 et
691 1143 963 1191 manifesta
999 1146 1137 1200 sunt,
1161 1141 1392 1207 profecto
1415 1157 1496 1188 res
1520 1145 1628 1188 tam

123 1223 350 1281 scelesta,
398 1227 506 1272 tam
550 1228 712 1280 atrox,
738 1227 845 1271 tam
890 1222 1090 1270 nefaria
1127 1221 1267 1270 credi
1301 1237 1406 1268 non
1439 1225 1627 1284 potest.

126 1303 316 1367 Magna
338 1307 418 1351 est
441 1302 577 1350 enim
602 1302 682 1350 vis
705 1301 1064 1361 humanitatis,
1089 1300 1313 1349 multum
1336 1299 1479 1348 valet
1497 1317 1627 1348 com—
1650 1296 1714 1348 63

125 1383 300 1431 munio
323 1383 608 1447 sanguinis,
633 1382 926 1431 reclamitat
966 1382 1119 1431 istius
1151 1380 1291 1430 modi
1327 1380 1628 1444 suspicioni-

124 1464 221 1512 bus
251 1463 363 1527 ipsa
392 1467 607 1519 natura;
643 1466 942 1526 portentum
964 1466 1120 1526 atque
1143 1465 1430 1510 monstrum
1452 1461 1627 1510 certis-

116 1543 311 1592 simum
334 1547 414 1592 est
435 1558 542 1592 esse
565 1542 791 1605 aliquem
813 1542 1040 1590 humana
1063 1541 1229 1607 specie
1253 1545 1306 1590 et
1329 1541 1512 1606 figura,
1539 1541 1629 1605 qui

123 1627 330 1672 tantum
352 1622 677 1671 immanitate
712 1622 904 1671 bestias
927 1622 1127 1680 vicerit,
1152 1627 1228 1681 ut,
1270 1626 1480 1686 propter
1502 1638 1628 1685 quos

124 1703 258 1751 hanc
281 1703 638 1752 suavissimam
661 1702 829 1750 lucem
863 1703 1136 1766 aspexerit,
1162 1718 1245 1750 eos
1269 1701 1628 1765 indignissime

124 1783 238 1832 luce
253 1783 490 1847 privarit,
514 1799 631 1831 cum
655 1782 814 1831 etiam
837 1782 973 1831 feras
987 1782 1128 1830 inter
1146 1797 1254 1830 sese
1269 1785 1450 1845 partus
1473 1785 1627 1845 atque

123 1863 361 1912 educatio
384 1867 436 1911 et
458 1868 646 1910 natuia
669 1862 784 1925 ipsa
806 1861 1060 1910 conciliet.

193 1942 405 1990 XXIII.
442 1941 559 1990 Non
581 1941 658 1989 ita
680 1940 861 1988 multis
898 1945 1020 1989 ante
1054 1940 1207 1989 annis
1241 1941 1394 1989 aiunt
1417 1942 1476 1990 Τ.
1504 1941 1628 1991 Cae·
1652 1944 1713 1993 64

127 2022 257 2071 lium
280 2021 549 2086 quendam,
574 2021 1012 2080 Tarracinensem,
1041 2020 1303 2070 hominem
1326 2039 1430 2070 non
1453 2022 1628 2071 obscu-

126 2119 258 2161 rum,
295 2119 410 2150 cum
443 2106 654 2151 cenatus
698 2102 932 2150 cubitum
971 2101 1030 2150 in
1062 2101 1200 2150 idem
1236 2103 1477 2152 conclave
1512 2119 1628 2153 cum

127 2183 326 2231 duobus
343 2181 755 2230 adulescentibus
769 2181 893 2230 filiis
910 2181 1049 2241 isset,
1066 2181 1336 2231 inventum
1354 2199 1463 2232 esse
1479 2200 1628 2232 mane

126 2262 433 2326 iugulatum.
503 2261 632 2311 Cum
654 2278 824 2325 neque
836 2278 1014 2312 servus
1029 2262 1302 2326 quisquam
1316 2263 1628 2327 reperiretur

125 2359 292 2406 neque
315 2342 461 2400 liber,
481 2341 547 2389 ad
570 2357 719 2404 quem
734 2358 793 2390 ea
810 2341 1036 2406 suspicio
1050 2339 1349 2406 pertineret,
1367 2343 1422 2392 id
1441 2344 1627 2394 aetatis

125 2429 302 2473 autem
325 2424 425 2472 duo
448 2422 546 2470 filii
570 2427 778 2486 propter
811 2423 1057 2472 cubantes
1089 2439 1155 2472 ne
1179 2423 1396 2472 sensisse
1419 2423 1627 2487 quidem

128 2521 183 2554 se
227 2503 473 2562 dicerent,
509 2501 718 2550 nomina
756 2502 981 2553 filiorum
1022 2503 1085 2552 de
1130 2503 1408 2567 parricidio
1453 2503 1628 2554 delata

115 2588 267 2634 sunt.
334 2583 469 2643 Quid
491 2587 694 2648 poterat
715 2586 823 2631 tam
846 2600 953 2633 esse
975 2583 1350 2648 suspiciosum?
1383 2585 1626 2649 suspicio-

128 2681 242 2714 sum
266 2665 471 2713 autem?
507 2663 828 2714 Neutrumne
843 2664 1095 2717 sensisse?
1129 2680 1306 2715 ausum
1325 2669 1502 2717 autem
1518 2683 1626 2718 esse
