1832 2970
211 98 275 146 30
673 109 762 143 pno
796 106 957 143 Rosclo
993 107 1230 146 Amanum.

208 223 385 289 inopia
466 227 888 287 argumentorum
960 222 1233 286 confugit?
1340 229 1352 249 ‘
1371 220 1498 271 Eius
1563 222 1700 272 modi

208 308 413 368 tempus
461 302 603 360 erat,'
638 302 828 366 inquit,
879 309 890 329 ‘
910 306 971 350 ut
1021 302 1252 351 homines
1297 302 1458 366 vulgo
1492 302 1702 366 impune

209 382 589 439 occiderentur3
636 397 794 444 quare
829 380 925 429 hoc
958 385 1024 428 'tu
1064 384 1274 444 propter
1312 380 1701 430 multitudinem

209 460 509 508 sicariorum
553 459 700 509 nullo
742 459 950 524 negotio
993 460 1159 508 facere
1203 460 1451 523 potuisti?
1538 461 1704 508 Inter-

207 540 334 587 dum
376 539 508 587 mihi
551 539 759 597 videris,
810 539 984 595 Eruci,
1031 555 1136 587 una
1180 540 1407 588 mercede
1452 540 1578 588 duas
1622 555 1704 588 res

210 619 423 683 adsequi
478 619 627 679 velle,
696 635 789 668 nos
855 618 1046 667 iudicio
1102 623 1410 683 pervertere,
1467 634 1705 667 accusare

209 703 383 747 autem
437 715 521 748 eos
576 699 727 763 ipsos,
782 715 812 747 a
867 698 1057 762 quibus
1111 699 1392 747 mercedem
1447 699 1703 763 accepisti.

211 776 347 837 Quid
391 779 501 828 ais?
554 778 713 842 vulgo
757 778 1156 826 occidebantur?
1232 778 1330 825 Per
1385 794 1511 841 quos
1566 783 1620 826 et
1676 795 1706 826 a

210 858 432 921 quibus?
498 858 680 907 Nonne
731 857 928 922 cogitas
971 861 1024 904 te
1068 873 1099 905 a
1145 858 1426 906 sectoribus
1470 857 1573 906 huc
1617 858 1704 905 ad-

210 939 423 987 ductum
467 940 612 987 esse?
693 938 829 996 Quid
868 940 1079 1002 postea?
1159 937 1404 986 Noscisne
1459 954 1551 1001 per
1604 939 1706 985 ista

210 1023 441 1083 tempora
485 1019 686 1067 eosdem
730 1018 835 1066 fere
890 1022 1108 1065 sectores
1160 1017 1319 1065 fuisse
1364 1017 1610 1065 collorum
1655 1022 1708 1065 et

126 1099 186 1147 81
210 1099 496 1148 bonorum?
563 1099 611 1147 Ii
648 1099 883 1162 denique,
921 1099 1014 1162 qui
1058 1103 1172 1146 tum
1209 1100 1397 1148 armati
1441 1101 1549 1149 dies
1593 1117 1709 1150 noc-

210 1186 390 1245 tesque
426 1182 811 1239 concursabant,
847 1181 939 1244 qui
973 1181 1161 1229 Romae
1195 1186 1344 1229 erant
1376 1182 1585 1241 assidui,
1618 1182 1710 1245 qui

211 1260 352 1309 omni
380 1265 607 1324 tempore
629 1261 686 1308 in
708 1261 897 1324 praeda
919 1264 973 1308 et
998 1260 1055 1307 in
1079 1260 1332 1324 sanguine
1354 1262 1709 1318 versabantur,

213 1340 328 1390 Sex.
375 1340 556 1389 Roscio
602 1340 845 1403 temporis
897 1339 1041 1387 illius
1085 1340 1420 1389 acerbitatem
1463 1341 1710 1404 iniquita-

211 1424 418 1483 temque
447 1419 683 1480 obicient,
707 1424 761 1468 et
793 1420 941 1468 illam
974 1420 1271 1468 sicariorum
1304 1420 1710 1479 multitudinem,

212 1499 270 1546 in
305 1515 408 1563 qua
443 1499 546 1563 ipsi
583 1500 735 1548 duces
770 1516 828 1547 ac
862 1499 1119 1563 principes
1153 1505 1316 1559 erant,
1351 1500 1473 1548 huic
1506 1499 1712 1548 crimini

212 1579 476 1642 putabunt
509 1579 631 1637 fore,
668 1580 759 1643 qui
794 1595 898 1627 non
931 1580 1080 1628 modo
1114 1579 1302 1629 Romae
1337 1596 1442 1628 non
1472 1580 1589 1637 suit,
1622 1580 1711 1628 sed

213 1659 418 1708 omnino
463 1659 589 1723 quid
635 1661 822 1708 Romae
875 1665 1116 1724 ageretur
1159 1660 1394 1718 nescivit,
1441 1665 1711 1724 propterea

213 1739 350 1801 quod
372 1738 484 1786 ruri
507 1739 757 1796 assiduus,
783 1755 935 1802 quem
969 1739 1034 1787 ad
1068 1740 1275 1787 modum
1297 1744 1414 1788 tute
1436 1739 1709 1798 confiteris,

127 1823 189 1870 82
213 1817 354 1866 fuit?
421 1818 615 1868 Vereor
653 1835 718 1866 ne
758 1823 851 1867 aut
886 1819 1131 1868 molestus
1166 1819 1264 1867 sim
1300 1819 1461 1880 vobis,
1500 1819 1709 1877 iudices,

213 1903 306 1947 aut
343 1915 409 1947 ne
448 1899 672 1962 ingeniis
711 1899 900 1947 vestris
939 1899 1117 1947 videar
1153 1899 1392 1958 diffidere,
1431 1900 1475 1948 si
1511 1901 1573 1948 de
1603 1906 1711 1949 tam

213 1978 495 2042 perspicuis
539 1979 691 2027 rebus
737 1979 934 2027 diutius
985 1980 1246 2028 disseram.
1328 1979 1507 2027 Erucii
1542 1980 1712 2028 crimi-

213 2056 356 2105 natio
400 2061 527 2114 tota,
573 2061 636 2104 ut
691 2057 930 2117 arbitror,
987 2058 1236 2108 dissoluta
1280 2063 1374 2117 est,
1419 2059 1523 2107 nisi
1578 2061 1710 2109 forte

213 2135 522 2199 exspectatis
555 2140 616 2183 ut
650 2135 745 2183 illa
778 2136 988 2194 diluam,
1025 2154 1156 2200 quae
1183 2138 1247 2186 de
1274 2138 1518 2202 peculatu
1553 2156 1612 2199 ac
1647 2140 1710 2188 de

215 2214 325 2264 eius
363 2214 501 2262 modi
539 2215 692 2263 r'e'bus
731 2216 1097 2265 commenticiis
1133 2217 1369 2266 inaudita
1406 2219 1555 2267 nobis
1589 2224 1710 2267 ante

214 2294 311 2344 hoc
342 2299 547 2359 tempus
582 2311 640 2343 ac
675 2311 810 2343 nova
849 2296 1065 2344 obiecit:
1102 2313 1232 2361 quae
1271 2297 1402 2346 mihi
1433 2298 1532 2347 iste
1567 2298 1710 2347 visus

215 2380 295 2424 est
330 2391 395 2424 ex
431 2375 604 2438 aliqua
649 2375 876 2424 oratione
912 2376 1209 2436 declamare,
1249 2394 1403 2441 quam
1447 2378 1503 2426 in
1548 2379 1709 2428 alium

215 2472 360 2504 reum
397 2458 855 2504 commentaretur:
903 2454 980 2503 ita
1013 2472 1181 2520 neque
1219 2457 1285 2504 ad
1321 2456 1512 2505 crimen
1546 2459 1709 2522 parri-

216 2535 339 2584 cidii
372 2551 538 2599 neque
571 2535 637 2583 ad
673 2551 805 2593 eum,
830 2534 921 2598 qui
952 2551 1155 2584 causam
1189 2536 1330 2595 dicit,
1363 2537 1709 2600 pertinebant.

216 2614 293 2663 De
329 2615 516 2678 quibus
561 2614 803 2678 quoniam
847 2615 1003 2662 verbo
1043 2615 1235 2679 arguit,
1269 2616 1425 2664 verbo
1461 2618 1587 2666 satis
1631 2624 1709 2679 est

214 2709 419 2757 negare.
489 2693 543 2743 si
588 2692 713 2757 quid
751 2697 843 2752 est,
879 2693 1015 2756 quod
1052 2693 1116 2741 ad
1162 2698 1320 2742 testes
1359 2702 1597 2756 reservet,
1619 2697 1706 2746 'ibi
