1832 2970
591 72 680 107 PRO
715 69 874 107 Rosmo
908 71 1147 107 nummo,
1552 56 1611 102 31

112 200 316 249 quoque
361 194 467 241 nos,
513 184 575 230 ut
618 181 675 230 in
710 181 824 245 ipsa
860 171 1028 241 causa,
1069 180 1350 247 paratiores
1393 178 1615 243 reperiet

114 280 271 329 quam
292 263 524 328 putabat.

181 341 356 390 XXX.
392 339 556 390 Venio
609 355 749 388 nunc
801 357 874 398 eo,
929 357 1031 404 quo
1075 356 1156 388 me
1210 356 1312 388 non
1358 339 1612 404 cupiditas
1640 341 1703 388 83

115 422 272 481 ducit,
317 420 404 469 sed
449 420 588 468 fides.
671 420 804 469 Nam
849 420 893 468 si
938 419 1068 467 mihi
1123 419 1309 468 liberet
1363 435 1616 479 accusare,

115 515 400 550 accusarem
439 498 567 547 alios
597 498 786 562 potius,
819 516 883 547 ex
912 499 1101 562 quibus
1132 514 1330 562 possem
1362 515 1614 547 crescere:

117 580 252 644 quod
282 583 480 628 certum
514 583 594 627 est
623 595 728 627 non
762 579 942 637 facere,
966 579 1091 626 dum
1127 578 1387 626 utrumvis
1417 578 1611 627 licebit.

116 661 169 709 Is
200 659 337 708 enim
377 659 507 707 mihi
542 658 751 706 videtur
781 658 1143 722 amplissimus,
1173 657 1266 721 qui
1299 673 1391 706 sua
1419 659 1617 706 virtuto

113 740 170 788 in
206 739 445 788 altiorem*
479 739 649 800 locum
688 739 942 804 pervenit,
980 754 1084 786 non
1120 737 1212 801 qui
1251 738 1482 786 ascendit
1527 755 1619 802 per

111 819 327 868 alterius
367 818 744 868 incommodum
789 823 842 867 et
882 818 1243 867 calamitatem.
1311 817 1618 866 Desinamus

110 899 390 964 aliquando
413 916 473 947 ea
495 899 732 957 scrutari,
757 915 889 963 quae
921 904 1044 947 sunt
1067 898 1245 947 inania
1263 918 1275 956 ;
1312 915 1616 962 quaeramus

111 980 420 1027 maleficium
455 979 545 1037 ibi,
583 979 676 1027 ubi
710 984 762 1027 et
793 984 874 1028 est
908 984 961 1028 et
996 979 1224 1027 inveniri
1264 983 1464 1043 potest:
1512 980 1616 1028 iam

111 1059 400 1123 intelleges,
466 1058 638 1116 Eruci,
698 1063 895 1108 certum
963 1059 1156 1107 crimen
1215 1075 1370 1123 quam
1434 1060 1616 1109 multis

111 1138 487 1203 suspicionibus
544 1143 885 1202 coarguatur3
957 1138 1167 1186 tametsi
1223 1155 1391 1202 neque
1447 1140 1617 1188 omnia

112 1218 278 1266 dicam
323 1223 378 1266 'et
423 1217 611 1265 leviter
662 1234 825 1266 unum
871 1218 1098 1282 quidque
1144 1222 1392 1282 tangam:
1450 1236 1618 1283 neque

111 1298 249 1346 enim
281 1290 346 1345 id'
364 1298 596 1356 facerem,
627 1297 731 1344 nisi
757 1313 959 1345 necesse
991 1301 1138 1354 esset,
1168 1302 1221 1344 et
1251 1298 1307 1344 id
1330 1298 1430 1346 erit
1461 1298 1615 1362 signi,

111 1394 192 1426 me
235 1366 481 1425 invitum*
510 1378 690 1436 facere,
737 1377 874 1440 quod
919 1393 1023 1424 non
1068 1393 1348 1441 prosequar
1392 1377 1615 1442 longius,

112 1473 266 1519 quam
291 1457 428 1505 salus
459 1456 615 1504 huius
645 1460 699 1504 et
726 1472 840 1504 mea
870 1456 997 1504 fides
1026 1456 1328 1520 postulabit.
1400 1457 1617 1507 Causam
1638 1457 1701 1506 84

110 1540 172 1583 tu
207 1536 407 1584 nullam
437 1535 726 1599 reperiebas
760 1535 818 1583 in
859 1535 974 1584 Sex.
1010 1535 1222 1584 Roscio:
1258 1541 1314 1585 at
1350 1553 1443 1600 ego
1469 1537 1526 1584 in
1556 1539 1612 1586 T.

111 1605 292 1663 Roscio
314 1615 525 1679 reperio.
595 1616 789 1663 Tecum
816 1615 955 1663 enim
986 1615 1118 1664 mihi
1142 1632 1223 1664 res
1251 1620 1344 1674 est,
1372 1617 1431 1666 T.
1451 1617 1615 1677 Rosci,

111 1695 351 1758 quoniam
385 1695 505 1744 istic
541 1695 685 1744 sedes
722 1711 781 1743 ac
819 1700 872 1743 te
908 1695 1081 1759 palam
1117 1696 1469 1744 adversarium
1509 1714 1616 1745 esse

111 1775 380 1839 profiteris.
449 1776 528 1824 De
568 1775 820 1839 Capitone
864 1780 981 1839 post
1018 1776 1314 1834 viderimus,
1356 1777 1415 1834 si,
1463 1795 1615 1841 quem

112 1855 178 1903 ad
222 1856 430 1904 modum
480 1860 720 1919 paratum
764 1871 871 1903 esse
917 1855 1084 1914 audio,
1139 1855 1290 1905 testis
1335 1857 1612 1921 prodierit:

113 1937 228 1983 tum
256 1935 383 1983 alias
414 1951 616 1998 quoque
647 1951 765 1983 suas
799 1935 996 1999 palmas
1023 1941 1305 2001 cognoscet,
1331 1937 1394 1985 de
1427 1937 1617 2001 quibus

114 2030 196 2061 me
221 2002 297 2062 ¹ne
330 2014 534 2063 audisse
570 2014 784 2078 quidem⁴
816 2014 1122 2078 suspicatur.
1191 2016 1248 2063 L.
1279 2014 1484 2065 Cassius
1510 2017 1617 2077 ille,

115 2083 269 2155 quem
300 2093 521 2157 populus
552 2093 814 2142 Romanus
849 2093 1173 2142 verissimum
1210 2098 1262 2142 et
1300 2095 1616 2159 sapientissi-

115 2189 257 2221 mum
279 2173 501 2221 iudicem
528 2174 761 2238 putabat,
785 2174 1067 2224 identidem
1098 2174 1155 2222 in
1186 2175 1351 2224 causis
1373 2192 1615 2239 quaerere

114 2251 324 2310 solebat,
366 2253 475 2300 cui
511 2254 682 2302 bono
720 2253 944 2302 fuisse
960 2258 998 2302 t.
1068 2253 1151 2303 Sic
1190 2253 1304 2303 vita
1348 2253 1614 2303 hominum

114 2336 206 2390 est,
230 2336 292 2380 ut
326 2333 392 2380 ad
426 2332 732 2382 maleficium
764 2350 913 2382 nemo
947 2338 1161 2382 conetur
1194 2333 1304 2382 sine
1338 2350 1427 2398 spe
1461 2339 1616 2398 atque

115 2411 456 2461 emolumento
510 2413 760 2462 accedere.
845 2413 1026 2462 Hunc·
1056 2413 1397 2477 quaesitorem
1459 2418 1614 2478 atque
1636 2419 1696 2467 85

117 2489 336 2540 iudicem
370 2492 643 2555 fugiebant
676 2497 833 2557 atque
866 2493 1146 2542 horrebant
1179 2493 1234 2550 ii,
1261 2493 1449 2555 quibus
1483 2493 1615 2558 peri·

114 2571 288 2619 culum
324 2573 605 2632 creabatur,
646 2572 760 2622 ideo
794 2574 944 2637 quod,
982 2571 1192 2622 tametsi
1229 2572 1467 2621 veritatis
1504 2577 1615 2623 erat

116 2641 321 2710 amicus,
384 2656 559 2701 tamen
628 2658 816 2702 natura
885 2670 989 2702 non
1046 2658 1155 2701 tam
1211 2669 1492 2718 propensus
1549 2653 1613 2704 ad
